3634 5842
393 742 557 789 aar.
589 722 684 808 v.]
1040 743 1126 787 nn
1167 742 1369 788 nanno
1415 741 1778 793 QUINDBOIM
1824 742 2160 789 amonuit.
2687 728 2810 790 193

409 897 566 963 mihi
597 894 862 977 O’Nelli,
889 896 988 963 vel
1037 894 1358 963 O'Donelli
1403 902 1583 981 caput
1632 897 1791 963 dono
1841 896 2089 976 dederit,
2119 896 2260 962 huic
2286 897 2450 963 mille
2477 898 2607 963 auri
2632 896 2813 965 libras

411 982 718 1069 polliceor,
749 990 811 1051 et
840 983 1092 1071 singulis
1117 984 1340 1070 recipio
1369 1005 1476 1068 pro
1505 984 1730 1049 meritis
1760 983 1979 1069 gratias
2006 1003 2189 1069 quam
2230 984 2811 1065 accumulatissimas,

405 1077 478 1135 et
505 1071 544 1136 6.
567 1072 793 1172 regina,
823 1078 885 1137 et
913 1095 950 1137 a
974 1092 1070 1136 me
1097 1092 1226 1135 esse
1251 1069 1600 1136 referendas.
1685 1070 1934 1151 Eamus,
1968 1088 2370 1157 properemus,
2400 1092 2480 1137 ne
2506 1072 2812 1138 victoriam

414 1164 680 1223 nostram
709 1157 1108 1224 differamus.”

499 1244 802 1311 Concione
831 1243 1103 1311 absoluta
1129 1240 1364 1329 Bagnal
1389 1247 1528 1309 ante
1557 1243 1698 1310 solis
1727 1249 1998 1309 exortum
2028 1242 2364 1311 Ardmacha
2392 1248 2583 1309 castra
2611 1252 2811 1311 movet

411 1329 646 1397 decimo
696 1332 906 1419 quinto
955 1331 1187 1397 circiter
1233 1330 1348 1409 die,
1397 1352 1576 1416 quam
1626 1353 1825 1396 comes
1874 1328 2203 1395 Urmonius
2264 1330 2383 1395 fuit
2424 1329 2463 1394 a
2503 1330 2810 1398 Bernardo

413 1416 491 1482 O’
495 1417 701 1485 Morta
727 1418 1019 1506 repulsus.
1108 1416 1352 1483 Hastati
1377 1417 1444 1483 in
1473 1418 1712 1503 agmina
1738 1418 1855 1483 tria
1880 1424 2050 1483 erant
2091 1417 2326 1503 digesti,
2358 1438 2493 1502 quse
2519 1418 2811 1504 praeibant

411 1512 476 1569 et
521 1504 920 1591 sequebantur
967 1502 1258 1590 equitum,
1287 1510 1349 1568 et
1397 1504 1847 1571 fulminatorum
1890 1504 2019 1569 alae.
2111 1505 2351 1583 Sereno,
2382 1510 2444 1569 et
2492 1510 2661 1589 grato
2713 1505 2808 1571 die

410 1591 639 1657 vexillis
689 1590 1013 1678 explicatis,
1062 1589 1342 1657 tubarum
1388 1590 1685 1677 clangore,
1736 1590 2017 1657 tibiarum
2046 1597 2360 1668 concentu,
2390 1600 2807 1679 tympanorum

409 1678 756 1744 militarium
785 1679 985 1745 sonitu
1013 1678 1302 1756 homines,
1332 1683 1393 1741 et
1419 1678 1562 1765 equi
1590 1678 1666 1744 ad
1728 1700 1949 1764 ugnam
1978 1678 2211 1744 accensi
2236 1698 2343 1763 per
2390 1676 2589 1743 loetam
2614 1678 2805 1765 plani-

405 1766 558 1830 ciem
588 1766 825 1831 nemine
853 1763 1204 1852 prohibente
1245 1764 1596 1851 procedunt.
1758 1787 1835 1829 ox
1878 1763 2208 1850 excipiebat
2232 1764 2347 1829 iter
2374 1786 2449 1829 an
2564 1766 2685 1830 tius
2706 1767 2806 1852 ju-

409 1852 650 1938 niperis,
681 1852 785 1918 sed
811 1850 1157 1930 humilibus,
1188 1858 1368 1937 atque
1393 1851 1704 1917 rarissimis
1733 1852 2049 1919 consitum.
2097 1851 2237 1917 Hoc
2252 1786 2807 2003 Baffinffigressus

409 1938 555 2005 hora
581 1939 814 2006 circiter
839 1938 1092 2026 septima
1119 1938 1158 2003 6.
1225 1938 1528 2024 uingentis
1575 1936 1945 2004 imberbibus
1994 1939 2353 2004 adolescenti
2394 1959 2487 2018 us,
2529 1936 2804 2005 bombar-

405 2024 590 2091 dariis
616 2025 893 2093 velitibus
921 2025 998 2091 ab
1025 2025 1103 2091 O’
1107 2024 1172 2091 N
1251 2048 1288 2091 o
1318 2025 1536 2091 missus
1565 2025 1915 2091 densissima
1960 2024 2339 2112 globulorum
2383 2025 2670 2110 grandine
2696 2048 2805 2113 per

407 2118 600 2178 totum
633 2112 970 2179 arboretam
1000 2113 1348 2178 continuata
1388 2111 1684 2179 obruitur.
1769 2112 1997 2177 Velites
2026 2111 2183 2199 pone
2218 2111 2528 2198 juniperus
2556 2118 2803 2194 stantes,

405 2209 470 2264 et
495 2200 652 2265 inter
679 2199 916 2267 arbores
943 2200 1316 2279 cursitantes,
1356 2200 1585 2285 equites
1629 2204 1808 2284 atque
1824 2198 2053 2286 pedites
2068 2198 2303 2265 eminus
2316 2198 2484 2284 jactu
2504 2204 2801 2280 sternunt,

409 2292 471 2350 et
497 2286 570 2351 06
599 2288 807 2367 tutius,
839 2287 999 2373 quod
1027 2294 1092 2352 et
1117 2286 1348 2373 equites
1391 2287 1540 2373 regii
1579 2293 1824 2374 propter
1864 2286 2172 2372 juniperos
2198 2307 2327 2351 esse
2354 2306 2479 2350 non
2506 2292 2800 2371 poterant,

407 2372 502 2438 vel
529 2374 653 2439 suis
680 2374 1042 2461 adjumento,
1071 2373 1168 2438 vel
1194 2372 1517 2439 Catholicis
1543 2372 1990 2460 impedimento,
2019 2379 2081 2437 et
2123 2394 2393 2460 praeoccu
2434 2371 2673 2439 antibus
2701 2396 2803 2441 ve-

407 2456 615 2525 litibus
641 2460 809 2561 locus
857 2466 983 2526 erat
1031 2460 1277 2545 nequior,
1359 2481 1498 2560 uam
1547 2458 1925 2560 venientibus
1974 2460 2171 2560 regiis.
2223 2456 2359 2526 ab
2435 2459 2483 2524 ‘s
2510 2461 2802 2546 augustiis

400 2546 1006 2730 ffissssffifflffi
1031 2546 1272 2697 ΞΒἛΣῙ
1259 2631 1338 2698 01,
1361 2546 2295 2719 sssssssffiffsscii‘ffifflffl
2303 2554 2803 2733 ,Pxffibssffi

406 2718 654 2804 puerile,
705 2741 741 2783 a
808 2741 884 2783 ue
929 2717 1249 2783 ridiculum
1295 2718 1610 2783 hominum
1659 2741 1849 2804 genus
1877 2717 2250 2785 videbantur.
2334 2716 2493 2783 Lata
2517 2719 2802 2869 {arucias

405 2822 598 2891 usque
646 2806 721 2871 ad
821 2804 1210 2872 atholicorum
1259 2811 1450 2871 castra
1495 2803 1867 2871 succedebat.
1951 2804 2031 2869 In
2074 2804 2229 2871 hanc
2270 2826 2303 2868 e
2580 2806 2802 2891 'agnale

403 2892 606 2977 regius
629 2892 930 2978 equitatus
957 2892 1022 2957 in
1050 2891 1390 2957 Catholicos
1417 2890 1623 2957 velites
1651 2912 1832 2977 quam
1859 2890 2160 2957 celerrimo
2189 2912 2295 2978 gra
2338 2913 2380 2955 u
2406 2893 2610 2957 currit.
2672 2892 2799 2958 an-

407 2984 606 3043 terum
635 3000 741 3065 per
807 2979 1016 3045 rimam
1074 2978 1308 3044 laniciei
1323 2982 1552 3065 partem
1579 2978 1645 3043 in
1672 2978 1804 3065 ipso
1833 2978 2087 3043 maxime
2106 2978 2335 3057 itinere,
2356 2976 2461 3043 sed
2488 2984 2550 3043 et
2574 2978 2801 3045 circum

403 3064 558 3131 fflud
585 3064 732 3131 O’N
813 3089 902 3145 us,
932 3002 1166 3132 crebras
1194 3065 1414 3145 foveas,
1445 3071 1624 3151 atque
1651 3064 1841 3130 fossas
1856 3063 2159 3130 excavavit
2187 3065 2387 3130 stratis
2404 3086 2583 3150 super
2598 3067 2799 3153 virgu-

405 3151 498 3231 lis,
529 3159 590 3217 et
617 3152 774 3218 fseno
803 3174 1005 3238 sparso
1035 3151 1455 3225 dissimulatas.
1543 3151 1622 3217 In
1651 3173 1800 3237 quas
1830 3152 2275 3238 cataphractarii
2317 3152 2547 3237 equites
2574 3154 2802 3220 incauti

403 3238 644 3319 cadunt,
675 3258 932 3325 casuque
958 3238 1138 3306 crebo
1165 3261 1456 3325 equorum
1500 3238 1698 3319 simul,
1729 3244 1791 3304 et
1819 3260 2179 3305 assessorum
2220 3260 2395 3305 crura
2420 3239 2799 3326 franguntur,

402 3326 529 3425 qui,
559 3334 630 3477 qt
657 3326 696 3391 ὃ,
717 3326 1293 3499 Ξοέξέἒναηῖξυι,
1337 3326 1500 3426 haud
1550 3323 1774 3478 absque
1824 3326 2203 3479 oontffifffim
2234 3324 2543 3479 Qtlffffii
2592 3327 2799 3429 velites

395 3434 582 3478 sinun
612 3460 629 3478 .
989 3435 1146 3479 mma
1261 3435 1462 3499 regius
1489 3436 1680 3479 exerci
1707 3435 1779 3479 us
1822 3435 1947 3478 non
2152 3434 2349 3479 ammo
2530 3436 2601 3478 us
2630 3434 2795 3499 equi-

401 3495 586 3580 tibus,
615 3506 794 3585 atque
819 3500 1119 3587 peditibus
1148 3501 1374 3585 aliquot
1394 3500 1794 3583 desidentia„
1831 3507 1893 3565 et
1922 3500 2197 3566 sauciatis
2224 3501 2289 3565 in
2316 3500 2517 3565 minus
2542 3500 2791 3601 impedi:
2815 3515 2995 3583 [154.]

397 3592 536 3650 tum
563 3586 812 3672 planum
905 3587 1118 3653 rvenit.
1208 3586 1330 3651 Hic
1357 3586 1604 3653 O'Nelli
1629 3584 1911 3653 velitibus
1927 3586 2171 3653 defessis
2199 3593 2455 3672 vegetes,
2486 3592 2547 3651 et
2574 3587 2795 3673 integri

403 3671 748 3753 succedunt,
776 3674 816 3738 a
830 3610 1104 3759 ffagnale
1171 3693 1372 3759 noque
1398 3674 1624 3753 velites,
1655 3679 1717 3739 et
1743 3672 1939 3757 gravis
1968 3680 2278 3739 armaturae
2307 3670 2703 3739 bombardarii
2729 3675 2795 3738 in

397 3764 695 3826 certamen
745 3760 1062 3847 prodeunt.
1225 3760 1272 3825 's
1321 3766 1643 3825 occurrunt
1698 3758 1992 3825 Catholici
2040 3759 2269 3844 equites
2323 3758 2641 3839 ferentarii,
2701 3760 2796 3827 vel

395 3844 546 3912 levis
573 3855 902 3913 armaturae.
947 3846 1409 3934 Cataphractarii
1434 3846 1945 3934 cataphractarum
1964 3845 2295 3911 munimine
2320 3844 2569 3909 tutiores
2594 3846 2796 3911 locum

401 3932 770 4000 obtinebant.
855 3934 1184 3999 Ferentarii
1232 3934 1600 4012 dexteritate,
1630 3938 1694 3998 et
1716 3932 2029 3997 velocitate
2071 3936 2441 4018 praestantes,
2470 3937 2532 3997 et
2577 3933 2796 3999 iterum

401 4026 584 4107 atque
609 4020 826 4087 iterum
855 4020 1224 4087 circumactis
1251 4020 1420 4106 equis
1447 4020 1511 4085 in
1539 4040 1804 4106 pugnam
1832 4018 2148 4083 redeuntes
2174 4018 2419 4084 vulnera
2442 4019 2619 4120 plura
2642 4019 2793 4085 infe-

399 4115 564 4187 mut,
613 4108 748 4175 loco
799 4113 997 4173 tamen
1046 4106 1341 4189 cedentes.
1429 4105 1893 4193 cataphractarii
1938 4104 2127 4171 hastis
2172 4127 2277 4171 sex
2318 4106 2549 4172 circiter
2591 4105 2795 4173 cubita

398 4192 598 4280 longis
643 4195 886 4260 dextero
935 4194 1142 4261 femini
1195 4193 1417 4259 innixis
1473 4192 1746 4259 cominus
1800 4198 2095 4279 pugnant.
2198 4192 2527 4259 Ferentarii
2582 4195 2794 4261 armati

401 4280 588 4347 hastis
614 4280 1004 4382 longioribus,
1035 4302 1182 4367 quas
1202 4280 1426 4346 medias
1441 4302 1624 4380 manu
1637 4284 1911 4381 tenentes
1938 4300 2010 4344 su
2120 4278 2463 4379 'dexterum'
2477 4279 2793 4379 humerum

401 4367 1395 4541 ffifflbfflessfflssffiz
1414 4367 1997 4538 fffi’jffiffioe.
2084 4365 2384 4537 fl‘ssnssagnffl
2311 4365 2794 4551 ¹¹⁰⁸321¹²¹¹1313¹¹02323

401 4564 556 4627 saepe
579 4540 659 4607 ab
689 4541 833 4609 O’N
835 4540 934 4607 elli
959 4542 1076 4608 levi
1123 4546 1420 4607 armatura
1467 4537 1786 4605 subsistere
1830 4544 2092 4617 coactus,
2122 4560 2203 4603 sae
2323 4544 2501 4603 etiam
2549 4540 2797 4607 eandem

401 4626 690 4714 repellens
717 4627 880 4693 haud
908 4628 1116 4716 procul
1144 4629 1183 4694 6,
1205 4626 1646 4694 catholicorum
1675 4626 1883 4691 castris
1912 4622 2183 4689 substitit
2248 4646 2353 4690 ora
2390 4624 2508 4691 diei
2533 4625 2657 4693 fere
2682 4650 2795 4694 un-

405 4712 648 4781 decima.
739 4714 860 4780 Hic
907 4716 1186 4803 planicies
1229 4714 1333 4781 illa
1381 4714 1463 4779 du
1504 4712 1608 4779 lici
1653 4710 1881 4799 uligine
1908 4710 2069 4790 hinc,
2098 4710 2239 4777 inde
2278 4711 2704 4795 coarctabatur,
2735 4724 2798 4781 et

400 4800 560 4865 inter
607 4812 922 4953 utgmque
969 4802 1254 4890 uliginem
1300 4736 1544 4881 humile,
1575 4807 1638 4867 et
1685 4806 1869 4867 tenue
1916 4796 2139 4865 vallum
2186 4796 2501 4865 altitudine
2518 4876 2527 4883 ,
2542 4808 2797 4891 quatuor
