3634 5842
22 2112 34 2849 W
22 1376 40 2105 *ww-

163 1274 176 1289 μ

22 3402 28 3477 ..-
22 3336 46 3387 ἡ
22 3136 44 3311 ἡμὴ

971 703 1049 764 66
1352 704 1759 771 o'sunmrvsm
1803 728 2115 773 msa-omn
2146 729 2526 788 carrionem,
2558 732 2683 777 'rou
2732 731 2803 773 11.
3103 708 3264 792 [mn.
3310 730 3333 772 1

1933 1048 2113 1119 CAP.
2156 1048 2307 1113 VII.

1611 1226 1650 1281 J
1651 1235 1771 1281 uste
1794 1244 1864 1281 ne
1886 1226 2057 1300 Angli
2078 1227 2349 1283 Iberniam
2375 1226 2656 1281 obtineant
2674 1233 2698 1281 ἰ’

968 1407 1147 1470 Sans
1175 1411 1266 1471 est
1293 1406 1679 1492 exploratum,
1711 1404 2209 1493 quemadmodum
2251 1404 2437 1491 Angli
2486 1404 2609 1469 sint
2660 1404 2900 1470 Ibernia
2970 1404 3125 1484 otiti,
3170 1405 3333 1471 unde

965 1492 1144 1557 etiam
1173 1500 1461 1577 quantum
1487 1495 1554 1558 in
1587 1515 1717 1559 eam
1752 1492 1904 1579 juris
1940 1490 2222 1571 habeant,¹
2268 1490 2438 1557 facile
2486 1490 2817 1577 colligetur.
2964 1515 2997 1557 c
3025 1491 3169 1557 mihi
3200 1494 3331 1577 qui-

966 1577 1108 1643 dem·
1149 1600 1274 1643 rem
1321 1586 1449 1645 tota
1497 1579 1726 1645 solicita
1771 1580 1989 1644 mentis
2028 1578 2152 1644 acie
2198 1576 2625 1663 contemplanti
2666 1578 2817 1643 nihil
2839 1578 2991 1663 juris
3018 1601 3199 1665 penes
3228 1602 3330 1644 eos

965 1688 1092 1730 esse
1118 1665 1370 1731 videtur.
1457 1666 1750 1732 Praetereo
1782 1666 1942 1751 quod
1976 1666 2259 1750 injustam
2291 1672 2468 1751 atque
2510 1670 2746 1751 turpem
2788 1687 3024 1730 causam
3054 1664 3326 1745 adulteri,

965 1754 1070 1837 qui
1097 1758 1259 1817 toros
1287 1753 1506 1819 alienos
1556 1753 2058 1831 contaminaverit,
2104 1751 2254 1817 alius
2294 1774 2538 1816 uxorem
2579 1753 2859 1838 rapuerit,
2885 1753 3193 1818 restituere
3220 1776 3328 1817 no-

962 1838 1157 1919 luerit,
1210 1839 1635 1906 defendendam
1685 1840 2066 1926 susceperint.
2156 1838 2518 1924 Super-sedeo
2547 1838 2708 1923 quod
2751 1839 3061 1924 expulsum
3088 1840 3152 1915 in
3178 1840 3327 1925 pris-

962 1926 1160 1991 tinum
1187 1933 1408 1991 statum
1437 1932 1498 1992 et
1525 1928 1764 1993 amissas
1792 1926 1960 1993 sedes
1988 1947 2114 1991 esse
2142 1927 2502 2004 restitutum,
2546 1947 2670 1991 non
2712 1926 2833 1990 sint
2875 1926 3160 2005 contenti,
3190 1948 3327 2011 pos-

964 2010 1322 2078 sessionibus
1353 2020 1414 2079 et
1440 2014 1695 2079 fortunis
1723 2013 1929 2078 alienis
1957 2011 2161 2078 abusi:
2208 2013 2418 2077 omitto
2463 2011 2622 2098 quod
2665 2011 2731 2077 in
2765 2011 3103 2077 Catholicos
3133 2036 3168 2078 a
3195 2014 3325 2099 qui-

963 2098 1079 2163 bus
1127 2100 1298 2164 amici
1341 2099 1800 2186 excipiebantur,
1846 2100 2113 2165 fraudem
2158 2104 2220 2163 et
2268 2098 2673 2164 crudelitatem
2724 2098 3129 2179 exercuerint5
3174 2100 3326 2164 facio

844 2232 858 2247 .
961 2186 1212 2250 missum
1239 2186 1402 2272 quod
1425 2209 1502 2252 ne
1529 2186 1911 2252 sacrosanctis
1940 2186 2180 2272 quidem
2206 2185 2442 2286 templis
2470 2186 2854 2272 pepercerint.

1052 2271 1188 2336 Hoc
1220 2295 1354 2337 vero
1382 2273 1698 2351 constituo,
1731 2272 1893 2357 quod
1934 2294 2034 2337 eos
2077 2272 2241 2338 omni
2284 2294 2435 2358 Jure,
2473 2271 2821 2357 justitiaque
2850 2292 3087 2358 prorsus
3114 2272 3325 2358 privat,

963 2359 1256 2443 pontificis
1286 2358 1545 2445 diploma
1569 2360 1751 2425 fuisse
1777 2358 1925 2424 falsa
1950 2359 2233 2424 relatione
2261 2365 2593 2443 surreptum
2622 2365 2695 2423 ut
2722 2380 2893 2444 teque
2920 2359 3000 2424 sit
3027 2358 3141 2424 hoc
3166 2359 3328 2423 infir-

965 2468 1128 2511 mum
1174 2452 1236 2511 et
1276 2446 1601 2533 posteriora
1649 2467 2021 2511 summorum
2064 2446 2411 2531 pontificum
2458 2445 2743 2531 rescripta
2771 2468 2903 2531 quae
2920 2445 3100 2531 hujus
3116 2444 3327 2510 robore

963 2532 1239 2597 nituntur
1263 2532 1522 2599 invalida
1565 2542 1625 2599 et
1651 2532 1834 2599 nulla.
1922 2533 2110 2619 Cujus
2158 2532 2243 2597 rei
2288 2532 2531 2597 minime
2577 2532 2709 2597 leve
2751 2538 3163 2619 argumentum
3214 2540 3322 2612 est,

961 2618 1126 2703 quod
1169 2620 1286 2686 tale
1329 2620 1503 2707 quale
1545 2621 1661 2687 hoc
1689 2626 1798 2699 est,
1829 2642 2135 2705 nunquam
2166 2619 2331 2685 sedes
2360 2619 2705 2704 Apostolica
2735 2619 2986 2684 scienter
3014 2619 3323 2683 concessit.

959 2704 1177 2791 Neque
1223 2709 1380 2773 enim
1429 2707 1588 2774 credi
1634 2712 1856 2794 potest,
1906 2707 2101 2771 animo
2146 2706 2413 2793 pontifici
2454 2705 2656 2785 fuisse,
2710 2705 2967 2771 Iberniae
3008 2706 3321 2792 imperium

960 2794 1275 2860 transferre
1302 2796 1368 2860 in
1395 2801 1724 2874 externum,
1753 2794 1858 2894 qui
1900 2794 1976 2859 ad
2020 2793 2083 2859 id
2132 2792 2300 2858 nullo
2340 2793 2475 2878 jure
2519 2790 2860 2871 vocabatur,
2912 2814 2985 2857 su
3058 2790 3325 2857 rstitibus

960 2879 1194 2947 Ibernis
1222 2881 1367 2948 ortis
1393 2884 1557 2967 regio
1585 2902 1895 2967 sangmne,
1924 2880 2144 2965 regulis
2186 2878 2556 2965 singulorum
2582 2880 2861 2966 partium,
2892 2885 2954 2943 et
3042 2878 3323 2958 otherico,

959 2968 1064 3050 qui
1090 2968 1278 3032 totius
1305 2968 1516 3035 insulae
1545 2968 1863 3034 monarcha
1889 2965 2193 3032 nonnullis
2237 2964 2557 3032 colebatur.
2646 2964 2780 3031 Hos
2822 2966 2979 3030 viros
3014 2966 3324 3032 christian-

955 3052 1208 3132 issimos,
1239 3055 1343 3138 qui
1370 3076 1448 3122 ne
1491 3060 1892 3119 transversum
1938 3076 2023 3118 un
2110 3075 2204 3118 em
2246 3051 2320 3117 ab
2350 3052 2591 3118 ecelesia
2618 3074 2703 3118 un
2744 3074 2881 3117 uam
2911 3052 3323 3132 discesserunt,

955 3160 1104 3203 num
1129 3161 1235 3225 per
1263 3140 1637 3225 prudentiam
1679 3163 1757 3225 pa
1797 3163 1834 3206 a
1859 3140 2015 3205 haere
2061 3140 2200 3203 'tate
2235 3139 2581 3205 abdicaret?
2734 3161 2838 3203 um
2878 3138 3156 3204 Pontifex
3197 3142 3325 3204 An-

953 3223 1123 3308 glum
1149 3226 1429 3291 creaverit
1461 3223 1716 3291 Iberniae
1785 3226 2053 3291 ominum
2078 3246 2256 3291 causa
2283 3225 2595 3291 dirimendi
2635 3225 2991 3291 Ibernorum
3015 3248 3325 3312 procerum

953 3312 1427 3377 controversias?
1513 3312 1579 3377 N
1581 3334 2000 3397 on—namque
2029 3311 2235 3376 similis
2254 3311 2339 3376 rei
2365 3312 2588 3377 mentio
2616 3336 2739 3379 non
2766 3313 2836 3377 fit
2862 3312 2925 3378 in
2954 3312 3184 3391 litteris,
3214 3336 3325 3379 nec

951 3399 1105 3462 ratio
1135 3404 1226 3463 est
1253 3400 1395 3464 satis
1423 3404 1582 3487 apta,
1611 3420 1750 3464 cum
1776 3397 1854 3464 ad
1880 3399 1945 3463 id
1974 3397 2224 3464 Henrici
2251 3396 2433 3484 Regis
2460 3398 2787 3465 authoritas
2813 3400 3055 3469 minime
3083 3400 3321 3466 suffece-

950 3485 1048 3564 rit,
1081 3485 1376 3571 pontificis
1403 3493 1604 3552 autem
1633 3486 1776 3551 satis
1794 3485 1994 3565 fuerit,
2025 3484 2197 3572 cujus
2225 3492 2383 3550 nutu
2408 3492 2605 3552 motus
2647 3485 3004 3553 Ibernorum
3030 3488 3095 3552 in
3123 3487 3321 3574 ipsum

952 3571 1300 3653 Henricum,
1332 3580 1394 3639 et
1421 3574 1548 3661 ejus
1577 3594 1939 3639 successores
1969 3594 2123 3659 saepe
2152 3578 2295 3638 sunt
2322 3570 2527 3638 sedati.

1037 3660 1139 3724 An
1186 3682 1326 3726 vero
1370 3660 1593 3726 Christi
1639 3659 1915 3725 Viearius
1965 3658 2265 3725 Iberniam
2312 3658 2669 3745 ingredienti
2726 3664 3077 3744 potestatem
3118 3660 3319 3747 Anglo

949 3745 1152 3811 fecerit
1180 3769 1356 3813 causa
1383 3746 1670 3814 dilatandi
1697 3747 1982 3812 terminos
2024 3745 2327 3812 ecclesiae‘?
2371 3746 2471 3832 pia
2508 3744 2747 3832 quidem
2776 3754 2837 3811 et
2866 3746 3165 3811 sufficiens
3193 3746 3319 3812 haec

949 3834 1100 3899 ratio
1129 3856 1357 3921 semper
1384 3835 1635 3901 videtur.
1725 3834 1844 3899 Sed
1875 3832 2122 3900 Henrici
2149 3832 2307 3920 regis
2348 3833 2605 3899 narratio
2636 3854 2772 3897 vero
2801 3834 3045 3899 minime
3073 3854 3317 3899 consen-

946 3925 1140 3999 tanea,
1191 3943 1326 3987 cum
1367 3944 1595 4007 semper
1643 3918 1886 3987 Ibernia
1928 3928 2245 4008 postquam
2290 3919 2472 3985 semel
2520 3925 2611 3984 est
2667 3918 2743 3984 ad
2793 3918 2971 3986 fidem
3020 3941 3317 3999 conversa,

946 4005 1158 4071 litteris
1187 4012 1248 4071 et
1275 4007 1558 4093 religione
1585 4008 1869 4087 floruerit,
1897 4008 2226 4073 innumeris
2253 4006 2427 4072 Divis
2470 4004 2799 4086 nobilitata,
2831 4014 2903 4072 ut
2930 4006 3125 4073 insula
3153 4028 3315 4072 sanc-

945 4100 1144 4159 torum
1173 4094 1252 4157 sit
1278 4101 1638 4181 nuncupata,
1668 4094 2164 4181 Archiepiscopis,
2197 4100 2467 4180 quatuor,
2499 4100 2559 4158 et
2579 4093 2893 4181 Episcopis
2920 4094 3169 4194 triginta
3196 4116 3313 4172 sex,

945 4180 1249 4245 ecclesiam
1277 4179 1843 4261 administrantibus,
1866 4180 2278 4267 religiosorum
2306 4178 2581 4259 coetibus,
2614 4180 2862 4268 aliisque
2894 4180 3099 4246 divmo
3128 4180 3315 4246 cultui

945 4266 1153 4332 dicatis
1183 4264 1493 4346 uberrima,
1525 4266 1748 4331 nullius
1777 4266 2022 4332 haeresis
2056 4272 2199 4333 nota
2238 4268 2450 4333 insula.
2541 4265 2722 4339 Quod
2751 4269 2801 4332 si
2827 4269 2893 4333 in
2921 4290 2991 4333 ea
3015 4266 3314 4353 religionis

943 4353 1220 4439 splendor
1247 4354 1488 4419 minime
1516 4352 1769 4431 lucebat,
1801 4375 1978 4439 quam
2008 4352 2086 4418 ob
2114 4376 2351 4419 causam
2391 4354 2692 4419 Adrianus
2719 4353 2999 4419 Pontifex
3025 4354 3315 4419 maximus

941 4442 1348 4524 pacisceretur,
1379 4446 1450 4505 ut
1480 4441 1778 4506 Henricus
1805 4462 1909 4505 rex
1930 4440 2318 4506 ecclesiastica
2338 4441 2476 4527 jura
2494 4448 2699 4506 sancta
2726 4446 2788 4505 et
2812 4440 3097 4506 inviolata
3124 4462 3311 4505 serva-

941 4534 1049 4605 ret,
1081 4550 1156 4592 ne
1185 4528 1328 4593 Divi
1355 4528 1518 4594 Petri
1536 4527 1790 4613 vectigal
1815 4527 2207 4613 interciperet,
2239 4550 2311 4593 ex
2352 4528 2541 4606 ilaret,
2574 4534 2679 4591 aut
2705 4527 3130 4593 interverteret.
3198 4526 3311 4593 Sed

943 4613 1082 4695 quia
1111 4616 1382 4700 superius
1409 4616 1551 4680 satis
1579 4620 1672 4680 est
1700 4620 2026 4695 ostensum,
2056 4613 2218 4679 illam
2246 4616 2286 4679 fi
2329 4636 2381 4692 e,
2399 4613 2706 4699 religione,
2724 4615 3057 4693 sanctitate,
3076 4614 3305 4693 litteris,

941 4698 1187 4765 eruditis
1216 4701 1554 4767 hominibus
1581 4702 1870 4781 floruisse,
1912 4702 1977 4766 in
2004 4702 2317 4788 praesentia
2342 4700 2540 4765 minus
2568 4706 2659 4765 est
2686 4700 3142 4766 immorandum.

1027 4785 1158 4851 Iam
1187 4809 1323 4852 vero
1353 4810 1490 4854 cum
1517 4810 1621 4854 rex
1651 4786 1972 4868 Henricus,
2003 4788 2069 4851 in
2104 4808 2213 4853 suo
2250 4786 2503 4873 supplici
2548 4786 2750 4853 libello
2786 4788 3117 4867 asseruerit,
3148 4787 3308 4853 insu-
