3634 5842
409 641 543 687 cnr.
577 621 682 704 11.]
1125 643 1210 688 nr.
1251 642 1648 688 runos'romo
1677 643 1820 688 nnn
1851 641 2145 687 murm.
2708 627 2787 689 19

404 794 642 874 dicitur,
671 793 736 860 in
766 793 1037 861 coenobio
1065 795 1208 861 Divi
1227 795 1582 862 Patriarchae
1631 795 1931 862 Francisci
1958 793 2259 881 Seraphici
2304 793 2409 859 ubi
2450 801 2511 860 ct
2555 797 2782 862 viceco-

408 903 536 947 mes
561 889 654 946 est
675 881 988 967 sepulchro
1003 882 1297 961 conditus,
1329 881 1524 948 adhuc
1550 889 1748 949 extare
1766 884 1973 948 fertur.
2032 883 2129 947 Ex
2156 882 2270 946 hoc
2298 880 2451 946 libro
2480 883 2597 948 fuit
2624 884 2777 950 vice·

400 968 634 1034 comitis
684 968 932 1034 historia
978 991 1084 1055 per
1129 971 1510 1056 interpretem
1559 993 1682 1035 non
1731 971 1873 1035 satis
1916 970 2245 1056 expolitum
2286 968 2351 1032 in
2378 967 2777 1037 castellanum

397 1077 554 1208 3¹11?
553 1055 1338 1209 {iinssfflgimmusshgmg‘
1387 1057 1929 1216 edffimegssffi’
1960 1055 2776 1229 afflefffflssffltffiz

398 1229 638 1308 donare,
689 1231 830 1316 quia
884 1252 980 1296 res
1023 1237 1116 1296 est
1169 1230 1450 1296 memoria
1506 1231 1870 1318 dignissima,
1928 1253 2067 1296 cum
2122 1229 2331 1296 auditu
2392 1230 2659 1316 jucunda
2715 1239 2776 1296 et

395 1315 699 1395 mirabilis,
727 1324 862 1382 tum
888 1323 1199 1405 peccantes
1224 1317 1302 1384 ad
1329 1317 1630 1384 meliorem
1657 1319 1794 1384 vitae
1821 1319 2055 1404 frugem
2083 1316 2461 1403 sequendam,
2490 1317 2775 1384 Numinis

399 1402 767 1470 observanda
810 1411 1122 1491 praecepta,
1173 1411 1416 1492 peccata
1460 1406 1720 1486 vitanda,
1769 1405 2097 1492 purgatorii
2138 1403 2433 1470 cruciatus
2478 1405 2774 1472 timendos

399 1491 640 1556 mirifice
667 1491 1003 1557 exhortans.
1093 1492 1190 1558 Ita
1215 1515 1356 1558 vero
1382 1495 1565 1559 statui
1614 1499 1839 1558 vertere
1887 1499 1959 1557 ut
2000 1514 2132 1577 quae
2160 1488 2471 1556 videantur
2497 1515 2772 1579 superva-

398 1599 576 1644 canea
591 1585 654 1644 et
673 1578 750 1644 ad
769 1599 893 1644 rem
921 1579 1162 1645 minime
1181 1580 1536 1666 pertinentia
1563 1579 2025 1666 proetermittam,
2065 1582 2093 1662 ΙΙ
2120 1601 2190 1644 ea
2214 1578 2608 1662 potissimum,
2640 1597 2772 1665 quae
2795 1612 2937 1682 [15.]

399 1665 724 1731 vicecomes
745 1687 819 1731 ex
846 1665 1096 1732 aliorum
1123 1667 1419 1732 sententia
1443 1667 1656 1733 refert:
1687 1665 2005 1732 nonnullas
2022 1667 2199 1731 etiam
2226 1665 2500 1750 periodos
2528 1688 2601 1731 ex
2627 1666 2773 1732 loeis

395 1757 642 1832 mutem,
672 1773 810 1817 cum
839 1752 992 1840 stylo
1019 1754 1262 1818 minime
1287 1753 1476 1819 limati
1502 1755 1860 1840 interpretis,
1888 1754 1954 1818 in
1982 1775 2160 1838 quem
2206 1751 2409 1830 incidi,
2440 1751 2773 1819 Minervam

395 1859 607 1919 meam,
637 1840 905 1926 quamvis
929 1840 1138 1906 rudem
1165 1863 1289 1905 non
1317 1847 1586 1926 oporteat
1640 1840 1965 1926 adstringi:
2016 1862 2127 1906 nec
2152 1838 2399 1904 verbum
2426 1839 2625 1919 verbo,
2670 1841 2773 1906 sed
2840 1872 2861 1882 ·

396 1927 754 1992 sententiam
801 1928 1108 1992 sententiae
1153 1927 1415 2006 reddam,
1464 1927 1696 1994 Latinis
1745 1925 2059 2013 phrasibus
2095 1947 2311 1991 usurus
2338 1951 2353 1991 ε
2394 1925 2546 1991 nihil
2573 1935 2771 1992 autem

395 2013 650 2079 addam:
695 2013 950 2100 denique
1001 2014 1354 2099 opusculum
1398 2021 1595 2080 totum
1641 2016 1831 2100 magis
1876 2014 2293 2080 concinnatum
2324 2019 2385 2078 ct
2410 2012 2647 2099 elegans
2682 2015 2772 2098 (ni

395 2099 600 2187 fallor)
631 2099 981 2185 relinquam.

981 2305 1052 2315 -0-—0

1405 2481 1585 2548 CAP.
1631 2481 1722 2548 II.

395 2639 680 2712 Hispanus
741 2641 1053 2699 vicecomes
1103 2659 1354 2698 reversus
1401 2659 1436 2694 a
1475 2639 1881 2766 Divi-tpatfiffi
1916 2639 2253 2713 Purgatur-io
2296 2642 2579 2698 historiam
2618 2662 2768 2702 suam

1467 2729 1530 2766 re
1555 2729 1586 2766 e

392 2833 474 2900 IN
505 2834 746 2900 nomine
799 2835 1194 2902 Sanctissimae
1239 2841 1300 2901 et
1343 2833 1665 2900 individuae
1713 2823 2020 2900 Trinitatis
2071 2837 2285 2901 Amen.
2373 2837 2506 2923 Ego
2546 2837 2778 2905 Bamon

391 2913 509 2988 Dei
647 2922 731 2988 tia
772 2921 1161 2989 Perellosium
1189 2929 1250 2988 et
1279 2920 1584 2987 Rodarum
1632 2922 1976 3000 vicecomes,
2024 2922 2242 2988 Seretae
2270 2923 2447 3004 Bam,
2479 2923 2569 2990 fui
2617 2927 2775 3012 apud

392 3007 546 3076 Caro
573 3031 674 3075 um
706 3007 917 3076 Galliae
946 3031 1166 3096 regem,
1199 3032 1317 3096 quo
1347 3030 1485 3074 cum
1511 3013 1680 3095 pater
1708 3029 1896 3086 meus,
1941 3029 2087 3074 suus
2138 3008 2545 3076 clavicularius
2571 3019 2635 3077 et
2662 3013 2771 3077 mi-

389 3093 536 3162 litiae
580 3097 896 3184 praefectus
939 3097 1198 3162 moriens
1225 3119 1321 3162 me
1346 3094 1605 3181 reliquit,
1647 3093 1722 3160 ab
1752 3096 1997 3160 ineunte
2026 3100 2211 3162 oetate
2240 3097 2541 3163 educatus.
2634 3098 2768 3164 Hu-

385 3178 486 3270 jus
513 3185 670 3250 tanti
711 3183 997 3336 princiipis
1047 3184 1211 3250 curia
1260 3183 1584 3248 multorum
1632 3179 1924 3248 nobilium
1973 3188 2105 3247 tum
2153 3184 2280 3250 indi
2323 3207 2567 3250 enarum
2612 3194 2763 3266 tum,

391 3267 859 3357 alienigenarum
912 3271 1217 3357 requentia
1244 3267 1666 3338 celebrabatur.
1754 3267 1993 3333 Horum
2035 3292 2148 3356 ego
2195 3294 2258 3336 m
2322 3277 2416 3337 tos
2455 3271 2551 3337 de·
2585 3271 2763 3338 rebus

392 3357 694 3437 mirandis,
732 3359 1003 3444 scitaque
1032 3358 1412 3444 dignissimis,
1483 3379 1576 3422 uae
1592 3379 1698 3442 per
1725 3355 1927 3420 orbem
1943 3362 2232 3425 terrarum
2249 3359 2509 3444 dispersa
2536 3365 2758 3440 extant,

393 3442 599 3510 crebro
623 3443 976 3512 disserentes
996 3444 1198 3512 andivi
1220 3471 1236 3510 ι
1267 3451 1329 3510 et
1357 3466 1428 3510 ea
1478 3443 1743 3509 ustrandi
1759 3442 1909 3508 mihi
1930 3442 2243 3510 vehemens
2264 3444 2481 3530 cupido
2499 3445 2758 3526 incessit,

392 3529 544 3610 ideo,
575 3531 772 3612 credo,
803 3533 962 3618 quod
993 3538 1084 3598 est
1125 3531 1467 3597 hominibus
1517 3537 1727 3596 natura
1769 3531 2037 3611 insitum,
2089 3537 2160 3594 ut
2202 3554 2295 3598 res
2338 3539 2625 3612 externas,
2656 3533 2759 3598 ab-

392 3623 614 3682 strusas
642 3623 820 3704 atquc
847 3618 1180 3685 reconditas
1207 3625 1488 3705 expetant
1516 3619 1682 3695 scire,
1726 3616 1906 3702 idque
1934 3617 2151 3682 certius
2178 3616 2401 3683 habent
2430 3619 2589 3703 quod
2618 3641 2757 3684 ocu-

389 3703 465 3768 lis
492 3703 746 3770 testibus
775 3707 1176 3792 experiuntur,
1207 3728 1382 3791 quam
1414 3704 1573 3790 quod
1602 3703 1849 3768 aliorum
1880 3725 2147 3768 sermone
2175 3703 2485 3790 perfertur.
2560 3703 2759 3790 Igitur

388 3789 504 3856 hoc
531 3791 731 3856 studio
759 3792 1033 3878 flagrans,
1079 3813 1192 3877 ope
1241 3791 1526 3856 Numinis
1574 3791 1780 3867 fretuS,
1833 3811 1929 3853 me
1976 3789 2231 3855 fortunae
2281 3790 2514 3856 casibus
2543 3790 2753 3872 obtuli,

389 3877 577 3943 donee
606 3877 809 3944 adiens
857 3879 1060 3958 maria,
1089 3877 1443 3963 longinquas
1483 3883 1668 3941 terras
1708 3881 2023 3975 penetrans
2066 3899 2171 3962 per
2197 3875 2665 3943 Christianorum
2694 3887 2756 3944 et

387 3965 565 4030 etiam
592 3965 922 4031 infidelium
950 3963 1206 4029 ditiones
1232 3985 1569 4049 peragrans,
1598 3985 1760 4026 vana
1781 3961 2063 4027 miracula
2093 3963 2357 4029 viderim.
2445 3963 2598 4035 Quae
2626 3987 2753 4032 om-

385 4053 487 4117 nia
511 4052 580 4117 in
647 4051 1050 4118 raesentiarum
1095 4071 1414 4129 recensere,
1463 4049 1708 4113 minime
1736 4055 1827 4113 est
1855 4048 2037 4114 cordi.
2122 4051 2214 4116 Ea
2242 4051 2434 4116 solum
2471 4059 2751 4138 repetam,

388 4161 522 4224 quse
548 4075 646 4204 ad)
651 4139 1075 4226 profectionem
1112 4159 1303 4203 meam
1329 4137 1396 4202 in
1423 4136 1831 4224 purgatorium
1868 4135 2012 4200 Divi
2066 4135 2301 4203 Patritii
2337 4161 2409 4203 ex
2450 4135 2753 4204 licandum

389 4231 676 4311 spectant.
765 4225 981 4310 Neque
1000 4247 1137 4290 vero
1166 4224 1382 4303 omnis,
1416 4245 1549 4308 quoe
1575 4224 1640 4288 in
1661 4223 2003 4310 purgatorio
2034 4223 2175 4305 vidi,
2205 4248 2374 4312 prom
2516 4224 2615 4305 bo,
2647 4225 2751 4290 sed

389 4334 458 4376 ea
514 4334 645 4398 quae
702 4311 936 4392 referre,
995 4310 1142 4377 mihi
1213 4333 1558 4376 concessum
1616 4315 1724 4375 est.
1845 4308 2359 4381 Quemadmodum
2410 4333 2551 4375 vero
2600 4311 2751 4377 illud

389 4399 798 4485 purgatorium
826 4399 1004 4464 fuerit
1031 4397 1291 4484 primum
1325 4398 1654 4477 inventum,
1685 4402 1747 4462 et
1777 4417 1908 4481 quae
1939 4418 2033 4462 me
2074 4397 2371 4484 proecipua
2420 4419 2597 4465 causa
2639 4398 2753 4464 im-

389 4484 624 4569 pulerit,
655 4495 726 4551 ut
753 4485 816 4551 id
846 4486 1078 4552 viserim
1108 4484 1275 4572 prius
1303 4505 1612 4571 exponam.

395 4619 437 4651 “
463 4617 946 4686 Quemadmodum
972 4614 1394 4698 Pmyatorium
1421 4612 1570 4678 Dim·
1598 4610 2097 4696 Paffitiifwisset
2110 4612 2372 4694 primum
2398 4613 2758 4680 inventum?

482 4725 674 4792 Divus
705 4725 992 4792 Patritius
1037 4747 1176 4792 cum
1219 4726 1284 4792 in
1333 4723 1574 4791 Ibcrnia
1622 4721 1816 4788 insula
1866 4731 2301 4793 sacrosanctum
2350 4725 2571 4793 Christi
2615 4725 2659 4792 J
2659 4749 2765 4793 esu
