3634 5842
925 666 1009 728 64
1355 662 1773 729 o'sULLEvAm
1817 681 2131 729 iim-oum
2177 679 2565 738 osi-nouem,
2596 680 2725 726 ‘rou
2756 681 2833 727 11.
3070 662 3231 747 [ms.
3262 684 3309 729 1.

922 834 1233 890 christianoe
1273 833 1402 889 fidei
1443 834 1750 899 veritatem,
1791 841 1852 889 et
1886 833 2149 889 vitiorum
2172 831 2446 905 plantaria
2470 831 2537 885 de
2561 849 2697 904 agro
2720 832 2949 888 Domini
2971 835 3313 907 extirpanda,

922 906 1067 961 sicut
1090 905 1392 961 catholicus
1409 906 1660 991 princeps
1683 906 1939 961 intendis.
1992 905 2085 959 Ad
2101 904 2159 958 id
2170 903 2580 959 convenientius
2597 906 3003 975 exsequendum,
3024 907 3311 961 consilium

921 978 1237 1049 spostolicae
1277 976 1418 1031 sedis
1461 976 1632 1049 exigis
1673 986 1731 1033 et
1769 977 2035 1032 favorem.
2106 978 2175 1033 In
2218 992 2326 1046 quo
2351 974 2518 1037 facto,
2554 983 2759 1045 quanto
2797 976 2979 1031 altiori
3005 978 3231 1033 consilio
3256 986 3313 1032 et

921 1048 1124 1119 majori
1149 1048 1480 1103 discretione
1503 1050 1773 1119 procedis,
1796 1054 1953 1102 tanto
1992 1048 2049 1100 in
2088 1064 2153 1101 eo
2194 1046 2496 1101 feliciorem
2538 1064 2893 1171 {tegi-essum
2916 1054 2993 1112 te,
3016 1057 3311 1121 praestante

920 1118 1184 1184 Domino,
1210 1120 1534 1174 confidimus
1557 1120 1898 1188 habiturum,
1942 1136 2007 1172 eo
2033 1118 2181 1189 quod
2204 1116 2434 1189 amplius
2460 1116 2531 1170 ad
2592 1135 2759 1172 onum
2782 1120 2991 1174 exitum
3016 1138 3230 1191 semper
3254 1128 3310 1175 et

919 1190 1086 1245 finem
1102 1192 1315 1245 soleant
1337 1192 1612 1262 attingere
1638 1191 1730 1263 qui
1750 1192 1819 1246 de
1842 1190 2045 1245 ardore
2069 1189 2197 1244 fidei
2216 1196 2273 1242 et
2295 1186 2576 1258 religionis
2598 1206 2785 1243 amore
2807 1191 3137 1263 principium
3160 1209 3310 1248 acce·

917 1270 1142 1333 perunt.
1217 1264 1358 1317 Sane
1383 1261 1680 1325 Iberniam,
1713 1268 1772 1316 et
1794 1278 1983 1317 omnes
2006 1259 2230 1325 insulas,
2251 1259 2447 1330 quibus
2466 1259 2550 1313 sol
2566 1258 2800 1329 justitiae
2828 1260 3085 1317 Christus
3107 1262 3293 1317 illuxit

919 1340 978 1387 et
1003 1350 1122 1403 quse
1147 1335 1478 1387 documenta
1518 1332 1645 1387 fidei
1686 1332 1996 1387 christianae
2039 1337 2406 1417 perceperunt
2446 1330 2517 1383 sd
2532 1330 2627 1400 jus
2650 1331 2798 1385 besti
2823 1332 3002 1397 Petri,
3020 1341 3078 1387 et
3100 1350 3311 1387 sacros·

918 1414 1094 1458 anctoe
1117 1404 1385 1459 Romanae
1409 1403 1651 1458 ecclesiae
1676 1404 1852 1475 (quod
1873 1412 1973 1457 tua
1994 1408 2160 1457 etiam
2175 1402 2432 1456 nobilitas
2455 1402 2826 1473 recog-noscit)
2847 1422 2957 1458 non
2981 1412 3065 1459 est
3082 1404 3309 1459 dubium

957 1476 1212 1530 ertinere.
1287 1475 1452 1531 Unde
1475 1481 1634 1529 tanto
1657 1476 1714 1528 in
1739 1475 1816 1529 eis
1834 1473 2093 1529 libentius
2109 1472 2505 1545 plantationem
2520 1472 2737 1528 fidelem
2761 1482 2819 1528 et
2839 1493 3065 1548 germen
3086 1482 3309 1547 gratum
3424 1514 3430 1521 -

916 1492 1042 1602 beo
1084 1546 1394 1610 inserimus,
1431 1554 1639 1617 quanto
1681 1546 1740 1601 id
1776 1564 1810 1601 8
1850 1546 2009 1601 nobis
2048 1545 2267 1599 interno
2308 1544 2552 1598 examine
2596 1544 2899 1600 districtius
2950 1547 3309 1619 perspicimus

918 1616 1265 1688 exigendum.
1342 1617 1679 1689 significasti
1704 1620 1750 1671 si
1809 1618 1995 1673 uidem
2034 1617 2215 1684 nobis,
2256 1616 2335 1669 fili
2378 1616 2434 1669 in
2461 1614 2685 1670 Christo
2711 1616 3043 1685 charissime,
3069 1628 3127 1672 te
3152 1617 3308 1673 Iber.

917 1688 1020 1743 nise
1043 1689 1276 1743 insulam
1301 1689 1372 1743 ed
1395 1688 1739 1743 subdendum
1773 1689 1792 1742 i
1815 1689 1932 1743 lum
1965 1689 2229 1760 populum
2264 1686 2495 1758 legibus,
2520 1694 2578 1739 et
2599 1687 2861 1741 vitiorum
2884 1689 3159 1761 plantaria
3179 1689 3307 1743 inde

917 1760 1244 1832 extirpanda
1263 1758 1406 1814 velle
1429 1760 1659 1823 intrare,
1697 1768 1754 1813 et
1797 1760 1866 1814 de
1899 1760 2127 1837 singulis
2164 1759 2415 1815 domibus
2452 1775 2687 1811 annuam
2722 1759 2885 1813 unius
2910 1760 3121 1814 denarii
3142 1760 3304 1815 beato

917 1830 1093 1885 Petro
1117 1832 1256 1886 velle
1279 1832 1492 1885 solvere
1553 1832 1848 1895 ensionem,
1872 1840 1930 1886 et
1944 1830 2079 1901 jura
2100 1830 2453 1885 ecclesiarum
2476 1828 2624 1883 illius
2648 1836 2813 1884 terrm
2837 1830 3049 1885 illibata
3070 1839 3128 1887 et
3167 1832 3306 1886 inte-

915 1920 1022 1973 gra
1045 1919 1388 1957 conservare.
1525 1920 1586 1956 os
1623 1902 1810 1973 itaque
1833 1903 1983 1973 pium
2010 1914 2067 1961 et
2091 1902 2364 1956 laudabile
2389 1899 2725 1954 desiderium
2749 1908 2907 1955 tuum
2946 1918 3073 1957 cum
3114 1902 3308 1958 favore

916 1990 1164 2044 congruo
1188 1980 1598 2044 prosequentes,
1623 1980 1682 2027 et
1711 1974 1965 2045 petitioni
1990 1984 2097 2033 tuae
2121 1973 2417 2056 benig-num
2441 1972 2813 2042 impendentes
2856 1990 3155 2038 assensum,
3176 1992 3311 2047 gra-

917 2050 1038 2098 tum
1061 2050 1119 2097 et
1141 2050 1426 2115 acceptum
1451 2043 1731 2107 habemus,
1756 2051 1822 2098 ut
1854 2063 1958 2129 pro
2002 2044 2294 2104 dilatandis
2326 2041 2564 2097 ecclesiae
2595 2044 2862 2107 terminis,
2904 2062 3007 2115 pro
3045 2045 3307 2100 vitiorum

917 2114 1302 2186 restringendo
1327 2115 1581 2179 decursu,
1607 2132 1710 2187 pro
1735 2120 2078 2189 corrigendis
2114 2114 2359 2169 moribus
2408 2120 2467 2167 et
2513 2113 2811 2169 virtutibus
2858 2114 3178 2180 inserendis,
3201 2135 3305 2189 pro

916 2184 1230 2239 christianas
1251 2184 1535 2257 religionis
1559 2194 1855 2257 augmento
1880 2187 2113 2245 insulam
2154 2187 2307 2241 illam
2348 2184 2695 2256 ing-redieris,
2718 2193 2776 2239 et
2800 2203 2919 2256 quae
2942 2188 3013 2241 sd
3037 2188 3304 2243 honorem

916 2254 1030 2309 Dei
1053 2263 1111 2309 et
1132 2256 1366 2309 salutem
1391 2256 1540 2309 illius
1564 2265 1728 2311 terroe
1745 2262 2119 2329 spectaverint
2140 2256 2446 2328 exequaris,
2472 2264 2529 2310 et
2574 2255 2723 2310 illius
2765 2265 2931 2311 terroe
2978 2275 3049 2331 po
3087 2258 3212 2313 ulus
3247 2267 3305 2314 te

917 2326 1220 2381 honorifice
1256 2326 1491 2398 recipiat
1531 2335 1588 2381 et
1611 2328 1758 2382 sicut
1781 2328 2061 2386 dominum
2105 2334 2396 2387 veneretur
2418 2329 2465 2395 ς*
2494 2326 2628 2397 juro
2662 2326 2923 2383 nimirum
2947 2347 3043 2383 ecc
3064 2330 3305 2385 esiarum

915 2395 1126 2452 illibate
1149 2406 1206 2451 et
1228 2398 1446 2469 integro
1471 2407 1791 2470 permsnnte
1813 2409 1873 2455 et
1896 2404 2047 2459 selvo
2085 2403 2263 2458 Beato
2314 2400 2483 2454 Petro
2532 2406 2589 2452 et
2636 2407 2995 2456 sacrosancte
3036 2401 3305 2456 Romana

913 2468 1154 2523 ecclesiae
1179 2470 1248 2523 de
1271 2468 1502 2541 singulis
1552 2470 1801 2525 domibus
1844 2491 2024 2529 annua
2071 2472 2233 2529 unius
2282 2470 2493 2525 denarii
2533 2470 2810 2541 pensione.
2888 2471 2952 2525 Si
2984 2488 3118 2545 ergo
3156 2473 3305 2544 quod

911 2556 1080 2594 conce
1117 2540 1210 2593 isti
1251 2541 1452 2607 animo,
1501 2540 1702 2596 effectu
1750 2542 1973 2599 duxeris
2021 2550 2386 2618 prosequente
2428 2540 2830 2612 complendum,
2872 2544 3034 2597 stude
3078 2550 3301 2615 gentem

906 2608 1057 2664 illam
1155 2612 1240 2665 nis
1262 2612 1507 2667 moribus
1529 2612 1847 2677 informare,
1872 2622 1930 2670 et
1952 2634 2083 2689 agas
2108 2625 2220 2672 tam
2243 2631 2342 2685 per
2368 2620 2424 2666 te
2448 2629 2613 2682 quam
2636 2630 2737 2683 per
2769 2613 2893 2668 illos
2930 2632 3067 2685 quos
3092 2616 3163 2669 sd
3197 2614 3301 2669 hoc

905 2680 1032 2745 fide,
1057 2683 1226 2737 verbo
1249 2691 1307 2737 et
1330 2684 1444 2737 vita
1466 2684 1692 2738 idoneos
1727 2702 1845 2739 esse
1866 2688 2224 2759 perspexeris,
2246 2692 2312 2739 ut
2336 2684 2629 2738 decoretur
2652 2684 2728 2737 ibi
2752 2684 2999 2748 ecclesia,
3022 2685 3303 2758 plantetur

905 2760 964 2807 et
987 2762 1199 2809 crescat
1221 2754 1347 2809 fidei
1372 2756 1680 2810 christiane
1702 2756 1921 2827 religio,
1948 2767 2004 2813 et
2028 2778 2149 2832 quae
2170 2758 2243 2815 ad
2266 2756 2530 2810 honorem
2554 2754 2665 2808 Dei
2688 2761 2745 2809 et
2768 2755 3001 2811 salutem
3025 2757 3300 2827 pertinent

907 2824 1214 2880 animarum
1237 2844 1335 2897 per
1369 2833 1428 2881 te
1463 2826 1652 2882 taliter
1689 2828 2032 2894 ordinentur,
2058 2839 2123 2885 ut
2157 2849 2192 2885 a
2215 2829 2340 2883 Deo
2364 2844 2478 2879 sem
2516 2826 2706 2879 iternoe
2730 2827 2997 2881 mercedis
3020 2828 3301 2883 cumulum

906 2897 1170 2968 consequi
1194 2898 1474 2961 merearis,
1500 2899 1638 2953 etin
1663 2899 1828 2953 terris
1851 2901 2158 2973 gloriosum
2182 2916 2378 2955 nomen
2402 2916 2435 2951 v
2492 2914 2583 2950 eas
2601 2896 2902 2953 obtinere.'’

993 3036 1040 3079 ’κ’
1057 3038 1228 3105 Sicut
1247 3041 1580 3107 Dominum
1607 3051 1983 3127 venerentur,
2008 3047 2073 3112 id
2088 3053 2199 3127 est,
2223 3052 2295 3111 ιιι
2322 3044 2653 3133 principem
2674 3042 2927 3131 dignum
2944 3068 3165 3133 magno
3192 3048 3297 3113 ho-

711 3126 1620 3296 .[m·]glggl‹28i;1ptllici·l')'ominum
1665 3129 1944 3214 Iberniae,
1976 3134 2079 3200 sed
2122 3134 2471 3220 praefectum
2500 3154 2679 3199 causa
2720 3132 3041 3219 colligendi
3084 3133 3295 3200 tributi

1955 3651 2133 3717 CAP.
2180 3652 2257 3716 V.

973 3830 1099 3884 Rex
1122 3827 1346 3901 Angliae
1368 3828 1520 3883 venit
1542 3828 1600 3881 in
1625 3828 1937 3885 Iberniam:
1960 3832 2091 3955 ¹3:13
2114 3830 2297 3957 {izi-um
2340 3832 2567 3888 ambitio
2596 3856 2608 3887 ε
2646 3832 2975 3891 Ibernorum
3012 3836 3224 3911 aliquot

901 4052 1045 4117 Hoc
1101 4049 1402 4137 pontificis
1461 4049 1713 4137 imperio
1785 4051 2111 4138 praemisso,
2172 4072 2277 4116 rex
2334 4052 2574 4137 Angh'ae
2634 4053 2937 4121 Henricus
2982 4057 3292 4123 Secundus

898 4136 1133 4293 {ppulit
1165 4137 1256 4289 112¹}
1310 4136 1614 4289 Ῑόἓῖἓξέ
1672 4159 1869 4290 “³321
1904 4137 2319 4290 ῗῖᾶἭῗέῗ
2356 4141 2496 4290 „iffi
2540 4140 2929 4293 ffigtxffn
2976 4143 3086 4244 ⁶3⁶
3148 4144 3293 4244 Diffi

901 4248 1210 4399 qulgaesimt
1237 4272 1590 4397 syncel-itate
1606 4274 1943 4397 religionis,
1962 4247 2261 4397 pontiiiqcis
2280 4248 2537 4378 Bomgili
2563 4250 3291 4403 mcxlidstisegssfflgbseqtluiii

899 4400 1066 4465 nefas
1095 4399 1347 4478 ducunt,
1379 4406 1664 4483 exceptus
1691 4422 1816 4465 non
1846 4406 1918 4463 ιιι
1947 4420 2050 4463 rex
2078 4404 2183 4463 aut
2212 4396 2510 4465 Dominus
2539 4400 2814 4482 Ibernioe,
2846 4403 2951 4468 sed
2980 4410 3053 4469 ut
3079 4427 3116 4469 8
3142 4426 3291 4490 pon-

900 4486 1058 4551 tifice
1129 4485 1403 4552 roefectus
1441 4486 1546 4571 (sic
1577 4508 1690 4572 ego
1715 4487 1941 4573 accepi)
1976 4492 2047 4550 ut
2076 4491 2333 4565 exactor,
2376 4494 2435 4551 et
2484 4486 2767 4553 collector
2814 4492 3103 4577 pecuniis,
3155 4511 3290 4577 quae

901 4571 980 4637 sd
1009 4593 1072 4637 se
1113 4593 1208 4637 em
1236 4572 1646 4659 Apostolicam
1673 4572 2029 4661 pertinebat,
2060 4594 2301 4638 omnem
2320 4573 2484 4638 litem
2513 4574 2669 4640 inter
2700 4574 2951 4642 Ibernos
2980 4585 3042 4643 et
3058 4578 3289 4664 Anglos

901 4658 1225 4744 componit,
1255 4658 1428 4745 regni
1455 4657 1929 4746 gubernaculum
1950 4661 2079 4725 sine
2100 4660 2485 4725 contentione
2513 4662 2847 4749 accipiens:
2922 4664 3290 4750 raefectisque

901 4744 1243 4811 constitutis
1270 4745 1335 4810 in
1366 4746 1648 4832 Angliam
1674 4749 2008 4815 revertitur.
2098 4745 2282 4812 Haud
2334 4745 2441 4810 diu
2479 4754 2617 4832 post
2660 4750 2789 4835 ejus
2816 4772 2881 4817 re
2928 4750 3074 4817 ‘tum
3104 4751 3291 4838 Angli
