3634 5842
333 712 471 759 cu».
515 694 666 779 111.]
1056 714 1342 761 mmmm
1383 715 1502 761 sun
1545 715 1955 761 umanum.
2586 693 2708 759 107

328 888 542 955 parum
569 867 914 953 religiosum
943 890 1008 933 se
1035 868 1237 955 gessit.
1298 868 1584 935 Sacerdos
1611 874 2008 947 consecratus,
2039 873 2101 934 et
2128 890 2164 933 a
2192 866 2485 933 Pontifice
2513 866 2715 933 Maxi-

327 976 430 1021 mo
457 976 584 1020 non
611 956 928 1021 minimum
954 957 1283 1044 potestatis,
1315 962 1376 1021 et
1403 955 1772 1021 auctoritatis
1814 954 2065 1041 adeptus
2093 956 2160 1020 in
2188 953 2490 1020 Iberniam
2520 953 2715 1019 Roma

327 1041 742 1125 proficiscitur,
773 1043 942 1128 quasi
969 1048 1176 1109 contra
1201 1053 1388 1108 novos
1413 1043 1807 1129 Anglicorum
1850 1042 2197 1130 dogmatum
2226 1062 2451 1106 errores
2478 1042 2715 1107 concio-

326 1134 597 1206 naturus,
627 1130 747 1195 'sed
793 1129 955 1194 aliud
1003 1130 1204 1195 forsan
1231 1130 1428 1196 animo
1457 1130 1748 1215 cogitans.
1830 1128 1897 1194 N
1896 1152 2111 1216 amque
2137 1130 2399 1216 primum
2428 1129 2527 1193 An
2569 1128 2712 1193 liam

328 1215 474 1294 adit,
505 1215 630 1295 ubi,
658 1223 732 1281 ut
758 1216 1000 1302 quidam
1042 1216 1190 1283 mihi
1229 1216 1452 1296 retulit,
1496 1238 1732 1303 magna,
1767 1221 1831 1281 et
1857 1216 2107 1304 pulchra
2132 1216 2365 1302 pyxide,
2396 1215 2493 1281 vel
2520 1222 2548 1280 t
2590 1237 2712 1295 eca,

328 1323 510 1387 quam
545 1325 580 1367 e
607 1302 762 1368 collo
803 1302 1092 1389 pensilem
1134 1304 1392 1369 exterius
1435 1326 1634 1369 coram
1677 1302 1955 1368 omnibus
1998 1302 2292 1389 portabat,
2336 1302 2715 1387 Apostolicas

326 1388 555 1454 litteras
581 1389 843 1475 gerebat,
864 1412 992 1456 non
1011 1390 1185 1455 aliam
1206 1390 1283 1456 ob
1315 1413 1570 1469 causam,
1602 1390 1739 1468 nisi,
1769 1396 1842 1454 ut
1862 1390 2283 1469 conditionem,
2314 1394 2375 1453 et
2402 1410 2714 1474 personam

329 1475 622 1562 proderet.
712 1476 1131 1563 Deprehensus
1182 1501 1218 1542 a
1261 1477 1511 1564 justitiae
1561 1476 1869 1556 ministris,
1928 1477 2067 1543 cum
2124 1499 2249 1542 una
2304 1497 2443 1541 cum
2498 1476 2715 1541 litteris

327 1562 692 1649 Apostolicis
721 1564 798 1629 ad
817 1564 1085 1649 reginam
1139 1562 1570 1641 Elisabetham,
1599 1562 1696 1629 vel
1739 1562 1867 1648 ejus
1910 1563 2226 1628 consilium
2266 1562 2712 1649 produceretur,

329 1648 702 1735 Religionem
744 1650 1106 1716 Catholicam
1153 1652 1397 1715 minime
1439 1650 1662 1715 invitus
1707 1648 1985 1715 deseruit.
2074 1649 2325 1735 Reginae
2367 1655 2610 1727 sectam,
2652 1656 2715 1713 et

369 1736 570 1802 raemia
611 1736 867 1803 libenter
910 1738 1222 1822 accipienS,
1275 1738 1507 1804 minora
1555 1758 1803 1802 munera
1854 1737 2018 1821 prius
2066 1736 2347 1803 exercuit.
2437 1734 2715 1820 Denique

379 1822 560 1903 asiliae
585 1823 1189 1911 Pseudo-Episcopus
1217 1824 1412 1889 factus
1455 1826 1698 1889 Annam
1725 1822 2111 1889 Ni-Mearam
2132 1823 2198 1888 in
2227 1822 2481 1909 primam
2508 1822 2713 1908 conju-

407 1932 464 1975 m
515 1910 632 1976 sibi
677 1912 900 1977 nefaria
939 1910 1153 1997 copula
1195 1912 1524 1997 conjunxit.
1616 1910 1772 1990 Qua,
1836 1909 1931 1975 die
1982 1911 2212 1975 veneris
2239 1909 2481 1975 nolente
2518 1931 2713 1975 come-

329 1932 987 2151 ἔὲζοθθέῗὲιῗῑὴὲῧᾶ
1038 2004 1152 2150 eit&
1203 1997 1739 2169 ssssuissqffiffeinui’
1787 1996 2716 2169 gss‘sssswcoetffidnffiffioessssss

328 2169 623 2254 Profecto,
653 2172 718 2237 in
759 2174 852 2239 uit
877 2172 998 2252 ille,
1028 2170 1208 2258 longe
1237 2135 1475 2258 gravius
1503 2134 1941 2258 peccas’meum
1971 2170 2259 2257 Religiosi
2284 2177 2488 2237 torum
2514 2170 2713 2256 ingre-

329 2254 567 2325 diendo.
635 2258 728 2325 Ea
771 2282 866 2326 em
893 2283 930 2326 a
957 2258 1175 2325 Mileto
1203 2260 1583 2345 interrogata,
1613 2281 1720 2325 cur
1738 2258 1926 2337 fleret,
1956 2258 2113 2343 quia,
2137 2257 2353 2343 inquit,
2382 2257 2715 2343 Eugenius,

329 2344 432 2430 qui
481 2346 644 2433 apud
687 2369 786 2414 me
834 2345 1012 2413 hodie
1055 2346 1194 2426 fuit,
1240 2346 1670 2412 asseveratione
1715 2367 1951 2431 magna,
1994 2344 2321 2430 multisque
2360 2344 2721 2409 testimoniis

328 2433 546 2499 sanctis
575 2433 724 2499 mihi
751 2433 1140 2513 confirmavit,
1180 2455 1281 2499 me
1324 2456 1452 2499 esse
1493 2432 1569 2499 ad
1596 2433 1841 2498 Tartara
1868 2431 2397 2511 condemnandam,
2429 2430 2480 2497 si
2507 2431 2573 2497 in
2601 2430 2717 2497 hoc

327 2525 512 2597 statu,
540 2520 606 2583 in
638 2541 758 2603 quo
786 2527 895 2585 tua
923 2520 1143 2606 conjux
1185 2542 1320 2606 ago,
1364 2520 1477 2585 sim
1519 2520 1825 2598 moritura,
1870 2539 2102 2604 meque,
2132 2541 2208 2584 ne
2237 2518 2353 2583 hoc
2380 2540 2587 2582 verum
2617 2518 2715 2597 sit,

323 2606 508 2669 timor
557 2604 800 2684 cruciat,
829 2604 1272 2692 lachrymasque
1300 2606 1465 2691 cogit
1493 2605 1810 2671 effundere.
1903 2604 2078 2685 Sane,
2121 2604 2321 2689 inquit
2363 2603 2635 2683 Milerus,
2666 2604 2719 2670 si

324 2690 491 2756 aliud
519 2711 719 2775 speras
747 2691 926 2779 longe
952 2698 1014 2757 te
1041 2714 1176 2777 spes
1203 2691 1380 2771 fallit,
1409 2712 1602 2775 neque
1629 2691 1862 2769 timore,
1892 2690 1999 2755 sed
2030 2690 2235 2757 dolore
2262 2691 2511 2756 cruciari
2542 2690 2717 2755 debe-

322 2800 442 2843 res.
530 2774 750 2863 Neque
807 2777 914 2843 diu
967 2784 1106 2864 post
1162 2778 1344 2843 Anna
1398 2777 1654 2841 moritur
1710 2798 1959 2843 maerore
2015 2777 2305 2843 confecta.
2414 2776 2511 2841 Eu
2590 2776 2733 2841 nius

324 2869 550 2942 autem,
581 2864 688 2950 qui
713 2870 882 2945 tunc,
913 2864 1070 2931 sicut
1098 2863 1242 2929 alias
1272 2885 1352 2928 sae
1426 2913 1446 2942 ,
1477 2885 1609 2928 eam
1637 2863 1714 2929 ad
1742 2862 1963 2929 bonam
1994 2864 2135 2929 vitae
2174 2864 2410 2949 frugem
2436 2884 2467 2927 r
2542 2884 2717 2927 ucere

323 2955 574 3016 conatus
605 2956 716 3032 est,
747 2956 873 3029 erat
902 2950 1270 3017 O'Duithius
1395 2950 1743 3016 anciscanus
1785 2949 2119 3035 religiosae,
2149 2950 2321 3037 cujus
2364 2948 2563 3035 aliqua
2590 2972 2715 3016 car-

323 3038 488 3133 mina
515 3038 676 3104 acria
725 3061 866 3106 sane
903 3035 1206 3145 Ibernioe,
1222 3037 1550 3124 composita
1593 3037 1659 3103 in
1702 3036 2060 3117 Miletum*
2109 3044 2171 3103 et
2219 3036 2365 3103 alios
2410 3036 2717 3103 haereticos

396 3246 421 3272 ⁶
443 3243 640 3316 Gopies
665 3244 732 3299 of
745 3244 856 3299 this
880 3262 1040 3317 poem
1063 3246 1358 3317 composed
1381 3246 1535 3303 A.D.
1565 3250 1722 3312 1571,
1745 3266 1841 3303 are
1866 3254 2077 3313 extant,
2117 3248 2298 3303 which
2339 3244 2478 3335 fully
2512 3249 2715 3323 justify

325 3314 422 3369 the
459 3316 748 3371 character
789 3316 922 3371 here
961 3316 1122 3390 given
1166 3318 1233 3371 of
1261 3317 1325 3373 it.
1403 3317 1493 3373 He
1517 3319 1776 3375 ridicules
1802 3320 1898 3375 the
1924 3322 2250 3377 Protestant
2289 3318 2587 3385 doctrines,
2608 3324 2717 3377 and

325 3386 513 3441 assails
538 3387 740 3459 Myler,
769 3388 954 3460 Sheyn
977 3389 1044 3442 of
1062 3386 1233 3453 Oork,
1255 3388 1364 3443 and
1399 3390 1606 3454 others,
1642 3392 1776 3445 with
1802 3392 2103 3475 unsparing
2142 3391 2431 3447 invective.
2508 3391 2567 3447 It
2602 3392 2713 3447 will

327 3458 394 3511 be
419 3474 546 3511 seen
568 3459 714 3513 from
738 3458 833 3513 the
855 3458 1140 3545 following
1162 3467 1379 3515 extract
1401 3461 1526 3515 that
1549 3461 1618 3515 he
1640 3463 1846 3519 turned
1869 3463 1954 3516 his
1988 3463 2223 3535 poetical
2256 3462 2458 3517 talents
2478 3470 2542 3518 to
2566 3480 2715 3517 some

327 3536 580 3583 account.
621 3538 662 3565 “
675 3530 830 3585 Alius
847 3530 1024 3586 frater
1047 3530 1205 3585 istius
1225 3532 1522 3586 conventus
1537 3532 1794 3603 (Cavan.)
1834 3532 2115 3605 Eugenius
2132 3532 2378 3605 Dufghy.
2410 3533 2580 3588 Prov.
2609 3534 2711 3588 Pr.

327 3607 385 3654 et
425 3600 799 3656 notatissimus
851 3602 1201 3673 praedicator‚
1239 3602 1332 3674 qui
1375 3604 1697 3659 austeritate
1733 3604 1862 3658 vitae
1904 3612 1962 3658 et
2002 3602 2262 3675 religiosa
2305 3605 2715 3659 conversatione

327 3671 580 3725 omnibus
603 3672 684 3726 ita
703 3670 971 3744 preluxit,
995 3681 1061 3726 ut
1096 3673 1267 3729 totius
1309 3674 1616 3729 sanctitatis
1659 3675 1931 3747 specimen
1972 3693 2087 3747 prae
2111 3692 2167 3728 se
2191 3674 2339 3727 serre
2362 3673 2633 3742 videatur,
2658 3683 2717 3729 et

325 3741 508 3797 adhuc
531 3760 630 3813 per
650 3760 834 3797 omnes
869 3744 1026 3815 regni
1099 3751 1266 3807 artes,
1301 3744 1418 3815 ejus
1459 3744 1609 3800 sama
1645 3746 1702 3799 in
1744 3744 1895 3799 omni
1940 3762 2035 3799 ore
2078 3744 2473 3817 percrebeseit:
2512 3746 2581 3799 de
2606 3764 2715 3818 quo

325 3822 511 3867 tamen
534 3813 670 3868 nihil
693 3812 1028 3887 particulare
1103 3814 1154 3868 ic
1197 3812 1492 3887 subjungo,
1527 3816 1632 3870 nisi
1653 3822 1873 3870 tantum
1932 3816 2046 3869 uod
2068 3832 2281 3886 semper
2305 3815 2465 3869 nudis
2487 3817 2715 3887 pedibus

327 3883 638 3948 incedebat,
681 3893 845 3955 atque
888 3884 1002 3937 sine
1044 3885 1302 3949 sandalis,
1345 3891 1402 3939 et
1426 3887 1574 3956 quod
1597 3886 1654 3940 in
1678 3885 1926 3941 conciom
1965 3904 2029 3941 us
2053 3885 2315 3941 faciendis
2338 3886 2715 3943 admirabilem

327 3955 588 4011 habuerit
679 3957 865 4010 atiam.
943 3957 1099 4011 Inter
1122 3964 1330 4012 coetera
1351 3956 1464 4011 haec
1500 3956 1570 4011 de
1607 3975 1672 4012 eo
1707 3963 1901 4011 notata
1934 3965 2080 4023 sunt,
2104 3958 2254 4029 quod
2277 3958 2521 4029 quamvis
2544 3959 2715 4015 fuerit

327 4026 486 4081 valde
509 4044 611 4098 pro
636 4028 756 4081 ’xus
779 4026 860 4080 ita
883 4034 948 4081 ut
970 4027 1261 4098 aliquando
1286 4034 1400 4081 tres
1423 4027 1588 4083 horas
1610 4029 1668 4082 in
1691 4046 1800 4083 una
1822 4029 2083 4083 concione
2104 4028 2419 4096 insumeret,
2438 4048 2717 4103 nunquam

326 4103 511 4151 tamen
535 4096 914 4171 fatigationem
937 4106 1036 4153 aut
1056 4098 1339 4153 fastidium
1363 4098 1706 4154 auditoribus
1731 4100 1939 4155 attulit.
1990 4099 2205 4155 Deinde
2229 4100 2419 4155 oculos
2436 4118 2715 4174 nunquam

327 4166 634 4239 aperiebat,
657 4170 787 4224 dum
815 4170 1251 4224 concionaretur.
1328 4168 1553 4224 Acriter
1586 4170 2036 4243 reprehendebat,
2071 4179 2128 4227 et
2151 4173 2222 4226 ad
2253 4173 2547 4227 maximam
2570 4190 2718 4229 com-

325 4240 680 4310 punctionem
703 4238 974 4305 movebat,
997 4258 1276 4311 nunquam
1300 4246 1482 4295 tamen
1506 4242 1605 4296 ulli
1623 4259 1725 4313 pro
1743 4242 2094 4297 concionibus
2112 4260 2327 4311 exosus,
2351 4244 2447 4297 sed
2470 4244 2719 4300 omnibus

325 4318 522 4380 gratus
546 4318 604 4367 et
626 4312 892 4367 amabilis.
962 4312 1149 4367 Extra
1173 4309 1478 4375 conciones,
1503 4320 1560 4366 et
1582 4313 1626 4367 si
1652 4313 1946 4385 aliquando
1972 4315 2148 4385 (quod
2170 4332 2300 4369 raro
2326 4314 2635 4385 accidebat)
2660 4317 2719 4371 in

327 4382 673 4436 secularium
697 4383 994 4447 consortio,
1020 4382 1250 4454 lepidus,
1271 4380 1499 4452 facetus,
1528 4390 1584 4438 et
1613 4383 1899 4455 jucundus
1924 4393 2060 4439 erat.
2136 4385 2403 4441 Omnibus
2428 4385 2717 4443 videbatur

327 4452 533 4507 habere
557 4453 932 4525 Augustinum
973 4456 1108 4509 adeo
1152 4453 1497 4515 familiarem,
1531 4455 1835 4525 prasertim
1862 4454 1981 4525 ejus
2015 4456 2282 4527 opuscula
2303 4456 2413 4528 pia,
2438 4464 2503 4511 ut
2525 4475 2593 4512 ex
2617 4458 2715 4515 illo

327 4530 512 4578 totum
553 4542 855 4580 sermonem
889 4532 1182 4581 contexere
1221 4523 1522 4579 videretur.
1599 4524 1850 4579 Tandem
1872 4526 2084 4580 solebat
2106 4527 2163 4579 in
2187 4526 2294 4580 fine
2320 4526 2561 4597 cujusvis
2584 4548 2713 4585 con-

329 4594 502 4649 cionis
526 4596 693 4651 etiam
716 4596 1098 4667 perlevissimae
1121 4613 1389 4651 summam
1432 4596 1706 4651 dictorum
1744 4597 2085 4669 elegantibus
2120 4596 2367 4653 versibus
2402 4596 2717 4657 Hibernicis

328 4665 916 4793 ἓᾝέξέῗὲιῖῗιῗξᾶ
956 4668 2521 4809 ¹²5..‡2.¹;0²⁸¹3‚.{:‡3.1’25302..{2{2?0333z.2“t{.{{{{2:
2540 4674 2715 4799 Ὓέἔ

327 4808 575 4863 versibus
601 4816 658 4863 et
681 4807 862 4865 soluta
885 4812 1134 4865 oratione
1159 4779 1242 4865 est
1265 4809 1500 4865 multum
1543 4808 1839 4865 insectatus
1878 4820 1934 4865 et
1959 4816 2140 4865 tamen
2165 4830 2200 4866 a
2222 4812 2469 4885 plurimis
2492 4763 2715 4870 isloi-um
