<?xml version="1.0" encoding="UTF-8"?>
<!DOCTYPE html PUBLIC "-//W3C//DTD XHTML 1.0 Transitional//EN"
    "http://www.w3.org/TR/xhtml1/DTD/xhtml1-transitional.dtd">
<html xmlns="http://www.w3.org/1999/xhtml" xml:lang="en" lang="en">
 <head>
  <title>
</title>
<meta http-equiv="Content-Type" content="text/html;charset=utf-8" />
  <meta name='ocr-system' content='tesseract 3.04.00' />
  <meta name='ocr-capabilities' content='ocr_page ocr_carea ocr_par ocr_line ocrx_word'/>
</head>
<body>
  <div class='ocr_page' id='page_1' title='image "./historicatholic00kellgoog_0271.png"; bbox 0 0 3634 5842; ppageno 0'>
   <div class='ocr_carea' id='block_1_1' title="bbox 391 758 2769 843">
    <p class='ocr_par' dir='ltr' id='par_1_1' title="bbox 391 758 2769 843">
     <span class='ocr_line' id='line_1_1' title="bbox 391 758 2769 843; baseline 0.003 -20"><span class='ocrx_word' id='word_1_1' title='bbox 391 778 528 825; x_wconf 72' lang='lat' dir='ltr'>cn».</span> <span class='ocrx_word' id='word_1_2' title='bbox 575 758 682 843; x_wconf 62' lang='grc' dir='ltr'>ιι]</span> <span class='ocrx_word' id='word_1_3' title='bbox 1065 778 1148 825; x_wconf 77' lang='lat' dir='ltr'>ns</span> <span class='ocrx_word' id='word_1_4' title='bbox 1191 778 1394 828; x_wconf 66' lang='lat' dir='ltr'>natm</span> <span class='ocrx_word' id='word_1_5' title='bbox 1439 778 1806 831; x_wconf 73' lang='lat' dir='ltr'>Qumnxcm</span> <span class='ocrx_word' id='word_1_6' title='bbox 1851 778 2187 829; x_wconf 63' lang='lat' dir='ltr'>annosum.</span> <span class='ocrx_word' id='word_1_7' title='bbox 2646 769 2769 831; x_wconf 80' lang='lat'>235</span> 
     </span>
    </p>
   </div>
   <div class='ocr_carea' id='block_1_2' title="bbox 381 932 2781 2249">
    <p class='ocr_par' dir='ltr' id='par_1_2' title="bbox 381 932 2781 2249">
     <span class='ocr_line' id='line_1_2' title="bbox 384 932 2771 1025; baseline 0.003 -28"><span class='ocrx_word' id='word_1_8' title='bbox 384 932 666 1019; x_wconf 83' lang='lat' dir='ltr'>principis</span> <span class='ocrx_word' id='word_1_9' title='bbox 693 932 870 1013; x_wconf 87' lang='lat' dir='ltr'>filius,</span> <span class='ocrx_word' id='word_1_10' title='bbox 900 932 1136 1015; x_wconf 79' lang='lat' dir='ltr'><strong>Daniel,</strong></span> <span class='ocrx_word' id='word_1_11' title='bbox 1167 932 1550 1001; x_wconf 81' lang='lat' dir='ltr'>O&#39;Sullevani</span> <span class='ocrx_word' id='word_1_12' title='bbox 1601 932 1816 1019; x_wconf 79' lang='lat' dir='ltr'>Magni</span> <span class='ocrx_word' id='word_1_13' title='bbox 1867 934 2044 1016; x_wconf 84' lang='lat' dir='ltr'>filius,</span> <span class='ocrx_word' id='word_1_14' title='bbox 2074 936 2403 1018; x_wconf 84' lang='lat' dir='ltr'>Cornelius,</span> <span class='ocrx_word' id='word_1_15' title='bbox 2434 943 2497 1003; x_wconf 85' lang='lat' dir='ltr'>et</span> <span class='ocrx_word' id='word_1_16' title='bbox 2522 936 2771 1025; x_wconf 84' lang='lat' dir='ltr'>Dermy-</span> 
     </span>
     <span class='ocr_line' id='line_1_3' title="bbox 381 1018 2774 1111; baseline 0.002 -27"><span class='ocrx_word' id='word_1_17' title='bbox 381 1019 506 1084; x_wconf 88' lang='lat' dir='ltr'>sius</span> <span class='ocrx_word' id='word_1_18' title='bbox 537 1018 906 1085; x_wconf 90' lang='lat' dir='ltr'>O&#39;Driscolis</span> <span class='ocrx_word' id='word_1_19' title='bbox 937 1020 1169 1107; x_wconf 81' lang='lat' dir='ltr'>Magni,</span> <span class='ocrx_word' id='word_1_20' title='bbox 1199 1022 1326 1100; x_wconf 83' lang='lat' dir='ltr'>filii,</span> <span class='ocrx_word' id='word_1_21' title='bbox 1374 1019 1721 1106; x_wconf 75' lang='lat' dir='ltr'>Dei-mysius</span> <span class='ocrx_word' id='word_1_22' title='bbox 1750 1020 2182 1089; x_wconf 80' lang='lat' dir='ltr'>O’Sullevanus</span> <span class='ocrx_word' id='word_1_23' title='bbox 2210 1031 2378 1111; x_wconf 82' lang='lat' dir='ltr'>pater</span> <span class='ocrx_word' id='word_1_24' title='bbox 2406 1046 2592 1104; x_wconf 82' lang='lat' dir='ltr'>meus,</span> <span class='ocrx_word' id='word_1_25' title='bbox 2622 1023 2774 1090; x_wconf 89' lang='lat' dir='ltr'>Der-</span> 
     </span>
     <span class='ocr_line' id='line_1_4' title="bbox 661 1106 2776 1265; baseline 0.002 -7.532"><span class='ocrx_word' id='word_1_26' title='bbox 661 1106 2069 1261; x_wconf 54' lang='lat' dir='ltr'>szfflssffisfflsee</span> <span class='ocrx_word' id='word_1_27' title='bbox 2122 1110 2603 1265; x_wconf 51' lang='lat' dir='ltr'>{assas</span> <span class='ocrx_word' id='word_1_28' title='bbox 2632 1110 2776 1261; x_wconf 50' lang='grc' dir='ltr'>Μή</span> 
     </span>
     <span class='ocr_line' id='line_1_5' title="bbox 385 1216 2773 1385; baseline 0.002 -40"><span class='ocrx_word' id='word_1_29' title='bbox 385 1242 746 1345; x_wconf 71' lang='lat' dir='ltr'>O&#39;Concliur</span> <span class='ocrx_word' id='word_1_30' title='bbox 773 1216 1063 1360; x_wconf 53' lang='lat' dir='ltr'>Kirirrius,</span> <span class='ocrx_word' id='word_1_31' title='bbox 1095 1281 1236 1348; x_wconf 83' lang='lat' dir='ltr'>Mac</span> <span class='ocrx_word' id='word_1_32' title='bbox 1265 1282 1458 1347; x_wconf 83' lang='lat' dir='ltr'>Moris</span> <span class='ocrx_word' id='word_1_33' title='bbox 1485 1282 1734 1347; x_wconf 75' lang='lat' dir='ltr'>Lacsnae</span> <span class='ocrx_word' id='word_1_34' title='bbox 1760 1280 1941 1361; x_wconf 85' lang='lat' dir='ltr'>Baro,</span> <span class='ocrx_word' id='word_1_35' title='bbox 1978 1304 2159 1385; x_wconf 82' lang='lat' dir='ltr'>eques</span> <span class='ocrx_word' id='word_1_36' title='bbox 2189 1287 2453 1351; x_wconf 70' lang='lat' dir='ltr'>Aul-stus</span> <span class='ocrx_word' id='word_1_37' title='bbox 2482 1218 2773 1361; x_wconf 54' lang='lat' dir='ltr'>Kjeffiiss,</span> 
     </span>
     <span class='ocr_line' id='line_1_6' title="bbox 384 1366 2775 1453; baseline 0.002 -22"><span class='ocrx_word' id='word_1_38' title='bbox 384 1388 570 1453; x_wconf 86' lang='lat' dir='ltr'>eques</span> <span class='ocrx_word' id='word_1_39' title='bbox 595 1367 862 1433; x_wconf 74' lang='lat' dir='ltr'>Aul-atus</span> <span class='ocrx_word' id='word_1_40' title='bbox 889 1366 1080 1433; x_wconf 86' lang='lat' dir='ltr'>vallis.</span> <span class='ocrx_word' id='word_1_41' title='bbox 1129 1368 1172 1434; x_wconf 85' lang='lat' dir='ltr'><strong>J</strong></span> <span class='ocrx_word' id='word_1_42' title='bbox 1172 1369 1436 1436; x_wconf 87' lang='lat' dir='ltr'>ohannes</span> <span class='ocrx_word' id='word_1_43' title='bbox 1465 1366 1812 1434; x_wconf 74' lang='lat' dir='ltr'>Gir-aldinus</span> <span class='ocrx_word' id='word_1_44' title='bbox 1856 1370 2089 1436; x_wconf 80' lang='lat' dir='ltr'>comitis</span> <span class='ocrx_word' id='word_1_45' title='bbox 2132 1372 2329 1451; x_wconf 81' lang='lat' dir='ltr'>frater,</span> <span class='ocrx_word' id='word_1_46' title='bbox 2362 1372 2595 1437; x_wconf 83' lang='lat' dir='ltr'>Jsimus</span> <span class='ocrx_word' id='word_1_47' title='bbox 2622 1370 2775 1436; x_wconf 86' lang='lat' dir='ltr'>But·</span> 
     </span>
     <span class='ocr_line' id='line_1_7' title="bbox 383 1452 2771 1543; baseline 0.001 -25"><span class='ocrx_word' id='word_1_48' title='bbox 383 1452 570 1519; x_wconf 88' lang='lat' dir='ltr'>tlerus</span> <span class='ocrx_word' id='word_1_49' title='bbox 601 1452 840 1519; x_wconf 85' lang='lat' dir='ltr'>baronis</span> <span class='ocrx_word' id='word_1_50' title='bbox 867 1453 1137 1521; x_wconf 77' lang='lat' dir='ltr'>Catharae</span> <span class='ocrx_word' id='word_1_51' title='bbox 1164 1457 1345 1523; x_wconf 82' lang='lat' dir='ltr'>frater</span> <span class='ocrx_word' id='word_1_52' title='bbox 1372 1456 1672 1543; x_wconf 78' lang='lat' dir='ltr'>superiore</span> <span class='ocrx_word' id='word_1_53' title='bbox 1700 1454 1860 1521; x_wconf 90' lang='lat' dir='ltr'>bello</span> <span class='ocrx_word' id='word_1_54' title='bbox 1910 1458 2035 1522; x_wconf 87' lang='lat' dir='ltr'>suis</span> <span class='ocrx_word' id='word_1_55' title='bbox 2078 1458 2553 1543; x_wconf 75' lang='lat' dir='ltr'>possessionibus</span> <span class='ocrx_word' id='word_1_56' title='bbox 2582 1457 2771 1543; x_wconf 80' lang='lat' dir='ltr'>ejecti.</span> 
     </span>
     <span class='ocr_line' id='line_1_8' title="bbox 385 1538 2775 1624; baseline 0.002 -19"><span class='ocrx_word' id='word_1_57' title='bbox 385 1538 818 1607; x_wconf 83' lang='lat' dir='ltr'>O&#39;Sullevsnus</span> <span class='ocrx_word' id='word_1_58' title='bbox 875 1540 1176 1609; x_wconf 83' lang='lat' dir='ltr'>Gulielmo</span> <span class='ocrx_word' id='word_1_59' title='bbox 1232 1543 1462 1624; x_wconf 85' lang='lat' dir='ltr'>Burko,</span> <span class='ocrx_word' id='word_1_60' title='bbox 1523 1542 1823 1609; x_wconf 85' lang='lat' dir='ltr'>Richardo</span> <span class='ocrx_word' id='word_1_61' title='bbox 1872 1542 2112 1624; x_wconf 84' lang='lat' dir='ltr'>&#39;l&#39;irello,</span> <span class='ocrx_word' id='word_1_62' title='bbox 2162 1552 2224 1610; x_wconf 91' lang='lat' dir='ltr'>et</span> <span class='ocrx_word' id='word_1_63' title='bbox 2272 1546 2402 1611; x_wconf 86' lang='lat' dir='ltr'>aliis</span> <span class='ocrx_word' id='word_1_64' title='bbox 2446 1544 2775 1622; x_wconf 87' lang='lat' dir='ltr'>conductis,</span> 
     </span>
     <span class='ocr_line' id='line_1_9' title="bbox 381 1626 2776 1717; baseline 0.001 -25"><span class='ocrx_word' id='word_1_65' title='bbox 381 1626 778 1693; x_wconf 73' lang='lat' dir='ltr'>obaeratorum</span> <span class='ocrx_word' id='word_1_66' title='bbox 825 1626 1061 1695; x_wconf 76' lang='lat' dir='ltr'>delectu</span> <span class='ocrx_word' id='word_1_67' title='bbox 1109 1631 1464 1717; x_wconf 87' lang='lat' dir='ltr'>conscripto,</span> <span class='ocrx_word' id='word_1_68' title='bbox 1515 1636 1577 1694; x_wconf 90' lang='lat' dir='ltr'>et</span> <span class='ocrx_word' id='word_1_69' title='bbox 1625 1629 1921 1695; x_wconf 85' lang='lat' dir='ltr'>sociorum</span> <span class='ocrx_word' id='word_1_70' title='bbox 1978 1630 2215 1697; x_wconf 80' lang='lat' dir='ltr'>auxiliis</span> <span class='ocrx_word' id='word_1_71' title='bbox 2262 1632 2449 1698; x_wconf 87' lang='lat' dir='ltr'>millis</span> <span class='ocrx_word' id='word_1_72' title='bbox 2517 1630 2776 1697; x_wconf 87' lang='lat' dir='ltr'>militum</span> 
     </span>
     <span class='ocr_line' id='line_1_10' title="bbox 383 1714 2777 1807; baseline 0.001 -28"><span class='ocrx_word' id='word_1_73' title='bbox 383 1716 615 1780; x_wconf 77' lang='lat' dir='ltr'>circiter</span> <span class='ocrx_word' id='word_1_74' title='bbox 685 1714 806 1780; x_wconf 87' lang='lat' dir='ltr'>duo</span> <span class='ocrx_word' id='word_1_75' title='bbox 870 1716 1207 1801; x_wconf 78' lang='lat' dir='ltr'>juventutis</span> <span class='ocrx_word' id='word_1_76' title='bbox 1265 1717 1468 1784; x_wconf 81' lang='lat' dir='ltr'>electae</span> <span class='ocrx_word' id='word_1_77' title='bbox 1539 1723 1862 1803; x_wconf 86' lang='lat' dir='ltr'>comparat.</span> <span class='ocrx_word' id='word_1_78' title='bbox 1974 1716 2213 1790; x_wconf 81' lang='lat' dir='ltr'>Quibus</span> <span class='ocrx_word' id='word_1_79' title='bbox 2261 1742 2331 1785; x_wconf 89' lang='lat' dir='ltr'>ea</span> <span class='ocrx_word' id='word_1_80' title='bbox 2380 1718 2589 1807; x_wconf 82' lang='lat' dir='ltr'>hyeme</span> <span class='ocrx_word' id='word_1_81' title='bbox 2628 1716 2777 1783; x_wconf 86' lang='lat' dir='ltr'>Tor-</span> 
     </span>
     <span class='ocr_line' id='line_1_11' title="bbox 381 1800 2777 1891; baseline 0.001 -25"><span class='ocrx_word' id='word_1_82' title='bbox 381 1802 744 1887; x_wconf 88' lang='lat' dir='ltr'>rentirupem</span> <span class='ocrx_word' id='word_1_83' title='bbox 795 1800 1064 1889; x_wconf 83' lang='lat' dir='ltr'>(Carraig</span> <span class='ocrx_word' id='word_1_84' title='bbox 1124 1827 1202 1870; x_wconf 84' lang='lat' dir='ltr'>sn</span> <span class='ocrx_word' id='word_1_85' title='bbox 1275 1804 1541 1890; x_wconf 80' lang='lat' dir='ltr'>neasaig)</span> <span class='ocrx_word' id='word_1_86' title='bbox 1615 1825 1829 1883; x_wconf 88' lang='lat' dir='ltr'>arcem,</span> <span class='ocrx_word' id='word_1_87' title='bbox 1882 1826 2063 1891; x_wconf 86' lang='lat' dir='ltr'>quam</span> <span class='ocrx_word' id='word_1_88' title='bbox 2112 1805 2307 1872; x_wconf 89' lang='lat' dir='ltr'>solum</span> <span class='ocrx_word' id='word_1_89' title='bbox 2377 1807 2443 1872; x_wconf 90' lang='lat' dir='ltr'>in</span> <span class='ocrx_word' id='word_1_90' title='bbox 2493 1804 2777 1871; x_wconf 86' lang='lat' dir='ltr'>Beantria</span> 
     </span>
     <span class='ocr_line' id='line_1_12' title="bbox 383 1888 2777 1979; baseline 0 -24"><span class='ocrx_word' id='word_1_91' title='bbox 383 1888 624 1955; x_wconf 88' lang='lat' dir='ltr'>tenebat</span> <span class='ocrx_word' id='word_1_92' title='bbox 649 1889 961 1974; x_wconf 83' lang='lat' dir='ltr'>Eugenius</span> <span class='ocrx_word' id='word_1_93' title='bbox 992 1889 1427 1959; x_wconf 85' lang='lat' dir='ltr'>O&#39;Sullevanus</span> <span class='ocrx_word' id='word_1_94' title='bbox 1457 1912 1686 1978; x_wconf 87' lang='lat' dir='ltr'>semper</span> <span class='ocrx_word' id='word_1_95' title='bbox 1712 1892 1937 1977; x_wconf 78' lang='lat' dir='ltr'>reginoe</span> <span class='ocrx_word' id='word_1_96' title='bbox 1984 1900 2181 1979; x_wconf 88' lang='lat' dir='ltr'>partes</span> <span class='ocrx_word' id='word_1_97' title='bbox 2225 1892 2532 1971; x_wconf 71' lang='lat' dir='ltr'>secutus,*</span> <span class='ocrx_word' id='word_1_98' title='bbox 2559 1890 2777 1979; x_wconf 85' lang='lat' dir='ltr'>partim</span> 
     </span>
     <span class='ocr_line' id='line_1_13' title="bbox 384 1975 2779 2068; baseline 0.002 -28"><span class='ocrx_word' id='word_1_99' title='bbox 384 1998 616 2062; x_wconf 82' lang='lat' dir='ltr'>aggere,</span> <span class='ocrx_word' id='word_1_100' title='bbox 663 1975 950 2052; x_wconf 82' lang='lat' dir='ltr'>turribus,</span> <span class='ocrx_word' id='word_1_101' title='bbox 1001 1978 1209 2057; x_wconf 84' lang='lat' dir='ltr'>vineis,</span> <span class='ocrx_word' id='word_1_102' title='bbox 1261 1977 1565 2059; x_wconf 86' lang='lat' dir='ltr'>musculis,</span> <span class='ocrx_word' id='word_1_103' title='bbox 1615 1976 1837 2066; x_wconf 85' lang='lat' dir='ltr'>pluteis</span> <span class='ocrx_word' id='word_1_104' title='bbox 1882 1986 2307 2066; x_wconf 80' lang='lat' dir='ltr'>oppugnatam,</span> <span class='ocrx_word' id='word_1_105' title='bbox 2337 1979 2554 2068; x_wconf 85' lang='lat' dir='ltr'>partim</span> <span class='ocrx_word' id='word_1_106' title='bbox 2599 1979 2779 2045; x_wconf 79' lang='lat' dir='ltr'>aeneis</span> 
     </span>
     <span class='ocr_line' id='line_1_14' title="bbox 383 2064 2781 2152; baseline 0.002 -25"><span class='ocrx_word' id='word_1_107' title='bbox 383 2064 694 2129; x_wconf 85' lang='lat' dir='ltr'>tormentis</span> <span class='ocrx_word' id='word_1_108' title='bbox 723 2070 1060 2149; x_wconf 75' lang='lat' dir='ltr'>quassatam</span> <span class='ocrx_word' id='word_1_109' title='bbox 1086 2066 1152 2131; x_wconf 90' lang='lat' dir='ltr'>in</span> <span class='ocrx_word' id='word_1_110' title='bbox 1181 2088 1348 2131; x_wconf 83' lang='lat' dir='ltr'>suam</span> <span class='ocrx_word' id='word_1_111' title='bbox 1377 2072 1734 2152; x_wconf 85' lang='lat' dir='ltr'>potestatem</span> <span class='ocrx_word' id='word_1_112' title='bbox 1762 2066 2011 2152; x_wconf 79' lang='lat' dir='ltr'>redegit.</span> <span class='ocrx_word' id='word_1_113' title='bbox 2103 2065 2673 2133; x_wconf 83' lang='lat' dir='ltr'>O&#39;Donnobhanum</span> <span class='ocrx_word' id='word_1_114' title='bbox 2699 2064 2781 2131; x_wconf 84' lang='lat' dir='ltr'>ad</span> 
     </span>
     <span class='ocr_line' id='line_1_15' title="bbox 385 2150 2781 2249; baseline 0.001 -34"><span class='ocrx_word' id='word_1_115' title='bbox 385 2150 618 2249; x_wconf 78' lang='lat' dir='ltr'>Anglos</span> <span class='ocrx_word' id='word_1_116' title='bbox 665 2170 986 2231; x_wconf 80' lang='lat' dir='ltr'>reversum,</span> <span class='ocrx_word' id='word_1_117' title='bbox 1031 2158 1094 2217; x_wconf 89' lang='lat' dir='ltr'>et</span> <span class='ocrx_word' id='word_1_118' title='bbox 1141 2152 1289 2219; x_wconf 87' lang='lat' dir='ltr'>alios</span> <span class='ocrx_word' id='word_1_119' title='bbox 1335 2150 1672 2240; x_wconf 83' lang='lat' dir='ltr'>Anglorum</span> <span class='ocrx_word' id='word_1_120' title='bbox 1721 2152 2037 2218; x_wconf 84' lang='lat' dir='ltr'>auxiliares</span> <span class='ocrx_word' id='word_1_121' title='bbox 2080 2153 2470 2240; x_wconf 71' lang='lat' dir='ltr'>depraedatur.</span> <span class='ocrx_word' id='word_1_122' title='bbox 2560 2152 2781 2239; x_wconf 76' lang='lat' dir='ltr'>Regias</span> 
     </span>
    </p>
   </div>
   <div class='ocr_carea' id='block_1_3' title="bbox 387 2238 2781 2409">
    <p class='ocr_par' dir='ltr' id='par_1_3' title="bbox 387 2238 2781 2409">
     <span class='ocr_line' id='line_1_16' title="bbox 387 2238 2781 2409; baseline 0.001 -108"><span class='ocrx_word' id='word_1_123' title='bbox 387 2258 604 2324; x_wconf 73' lang='lat' dir='ltr'>copias,</span> <span class='ocrx_word' id='word_1_124' title='bbox 636 2238 880 2409; x_wconf 31' lang='lat' dir='ltr'>quizaeliIn&#39;⁵</span> <span class='ocrx_word' id='word_1_125' title='bbox 889 2238 1216 2305; x_wconf 88' lang='lat' dir='ltr'>Momoniis</span> <span class='ocrx_word' id='word_1_126' title='bbox 1262 2246 1449 2320; x_wconf 60' lang='lat' dir='ltr'>erunt,</span> <span class='ocrx_word' id='word_1_127' title='bbox 1477 2246 1702 2307; x_wconf 86' lang='lat' dir='ltr'>terrore</span> <span class='ocrx_word' id='word_1_128' title='bbox 1751 2240 2050 2327; x_wconf 85' lang='lat' dir='ltr'>perculsas</span> <span class='ocrx_word' id='word_1_129' title='bbox 2096 2241 2161 2305; x_wconf 91' lang='lat' dir='ltr'>in</span> <span class='ocrx_word' id='word_1_130' title='bbox 2190 2240 2409 2328; x_wconf 83' lang='lat' dir='ltr'>oppida</span> <span class='ocrx_word' id='word_1_131' title='bbox 2437 2240 2685 2320; x_wconf 87' lang='lat' dir='ltr'>munita,</span> <span class='ocrx_word' id='word_1_132' title='bbox 2718 2245 2781 2303; x_wconf 90' lang='lat' dir='ltr'>et</span> 
     </span>
     <span class='ocr_line' id='line_1_17' title="bbox 389 2345 899 2389; baseline -0.002 0"><span class='ocrx_word' id='word_1_133' title='bbox 389 2346 550 2389; x_wconf 81' lang='lat' dir='ltr'>arces</span> <span class='ocrx_word' id='word_1_134' title='bbox 579 2345 711 2388; x_wconf 87' lang='lat' dir='ltr'>com</span> <span class='ocrx_word' id='word_1_135' title='bbox 832 2347 854 2389; x_wconf 91' lang='lat'>1</span> <span class='ocrx_word' id='word_1_136' title='bbox 885 2373 899 2388; x_wconf 91' lang='lat'>.</span> 
     </span>
    </p>
   </div>
   <div class='ocr_carea' id='block_1_4' title="bbox 1095 2530 2091 2542">
    <p class='ocr_par' dir='ltr' id='par_1_4' title="bbox 1095 2530 2091 2542">
     <span class='ocr_line' id='line_1_18' title="bbox 1095 2530 2091 2542; baseline 0.007 -6"><span class='ocrx_word' id='word_1_137' title='bbox 1095 2534 1100 2536; x_wconf 87' lang='lat'>.</span> <span class='ocrx_word' id='word_1_138' title='bbox 1123 2530 1188 2542; x_wconf 67' lang='lat'>-0—</span> <span class='ocrx_word' id='word_1_139' title='bbox 1199 2532 1688 2542; x_wconf 62' lang='lat'>-—-——---—·—-—*-—0—..--</span> <span class='ocrx_word' id='word_1_140' title='bbox 1700 2534 1778 2541; x_wconf 74' lang='lat'>-..—--·</span> <span class='ocrx_word' id='word_1_141' title='bbox 1784 2530 2019 2542; x_wconf 46' lang='lat' dir='ltr'>”w—-ffl</span> <span class='ocrx_word' id='word_1_142' title='bbox 2029 2532 2091 2538; x_wconf 79' lang='lat'>—··</span> 
     </span>
    </p>
   </div>
   <div class='ocr_carea' id='block_1_5' title="bbox 1421 2664 1743 2731">
    <p class='ocr_par' dir='ltr' id='par_1_5' title="bbox 1421 2664 1743 2731">
     <span class='ocr_line' id='line_1_19' title="bbox 1421 2664 1743 2731; baseline 0.003 -1"><span class='ocrx_word' id='word_1_143' title='bbox 1421 2664 1604 2731; x_wconf 82' lang='lat' dir='ltr'>CAP.</span> <span class='ocrx_word' id='word_1_144' title='bbox 1649 2666 1743 2731; x_wconf 90' lang='grc' dir='ltr'>Π.</span> 
     </span>
    </p>
   </div>
   <div class='ocr_carea' id='block_1_6' title="bbox 461 2832 2711 2960">
    <p class='ocr_par' dir='ltr' id='par_1_6' title="bbox 461 2832 2711 2960">
     <span class='ocr_line' id='line_1_20' title="bbox 461 2832 2711 2911; baseline -0 -19"><span class='ocrx_word' id='word_1_145' title='bbox 461 2837 768 2911; x_wconf 78' lang='lat' dir='ltr'>Regiorum</span> <span class='ocrx_word' id='word_1_146' title='bbox 794 2840 1106 2908; x_wconf 70' lang='lat' dir='ltr'>apparatus,</span> <span class='ocrx_word' id='word_1_147' title='bbox 1131 2842 1187 2888; x_wconf 87' lang='lat' dir='ltr'>et</span> <span class='ocrx_word' id='word_1_148' title='bbox 1210 2832 1471 2905; x_wconf 71' lang='lat' dir='ltr'>potentia„</span> <span class='ocrx_word' id='word_1_149' title='bbox 1547 2834 1720 2889; x_wconf 79' lang='lat' dir='ltr'>Carni</span> <span class='ocrx_word' id='word_1_150' title='bbox 1758 2836 2035 2907; x_wconf 79' lang='lat' dir='ltr'>expeditio</span> <span class='ocrx_word' id='word_1_151' title='bbox 2059 2837 2250 2908; x_wconf 74' lang='lat' dir='ltr'>prima.</span> <span class='ocrx_word' id='word_1_152' title='bbox 2326 2838 2455 2893; x_wconf 72' lang='lat' dir='ltr'>Mac</span> <span class='ocrx_word' id='word_1_153' title='bbox 2484 2836 2711 2891; x_wconf 69' lang='lat' dir='ltr'>Carrhas</span> 
     </span>
     <span class='ocr_line' id='line_1_21' title="bbox 1500 2922 1670 2960; baseline 0.006 -1"><span class='ocrx_word' id='word_1_154' title='bbox 1500 2922 1670 2960; x_wconf 77' lang='lat' dir='ltr'>mors.</span> 
     </span>
    </p>
   </div>
   <div class='ocr_carea' id='block_1_7' title="bbox 389 3045 2787 4528">
    <p class='ocr_par' dir='ltr' id='par_1_7' title="bbox 389 3045 2787 4528">
     <span class='ocr_line' id='line_1_22' title="bbox 391 3045 2781 3138; baseline -0.002 -18"><span class='ocrx_word' id='word_1_155' title='bbox 391 3054 520 3121; x_wconf 74' lang='lat' dir='ltr'>Hls</span> <span class='ocrx_word' id='word_1_156' title='bbox 569 3050 832 3119; x_wconf 90' lang='lat' dir='ltr'>motibus</span> <span class='ocrx_word' id='word_1_157' title='bbox 881 3047 1070 3135; x_wconf 79' lang='lat' dir='ltr'>Angli</span> <span class='ocrx_word' id='word_1_158' title='bbox 1117 3045 1497 3113; x_wconf 80' lang='lat' dir='ltr'>vehementer</span> <span class='ocrx_word' id='word_1_159' title='bbox 1523 3046 1760 3128; x_wconf 80' lang='lat' dir='ltr'>soliciti,</span> <span class='ocrx_word' id='word_1_160' title='bbox 1790 3052 1853 3113; x_wconf 88' lang='lat' dir='ltr'>et</span> <span class='ocrx_word' id='word_1_161' title='bbox 1881 3048 2061 3127; x_wconf 80' lang='lat' dir='ltr'>anxii,</span> <span class='ocrx_word' id='word_1_162' title='bbox 2093 3070 2273 3135; x_wconf 86' lang='lat' dir='ltr'>quam</span> <span class='ocrx_word' id='word_1_163' title='bbox 2300 3050 2615 3116; x_wconf 83' lang='lat' dir='ltr'>maximam</span> <span class='ocrx_word' id='word_1_164' title='bbox 2644 3074 2781 3138; x_wconf 86' lang='lat' dir='ltr'>pos·</span> 
     </span>
     <span class='ocr_line' id='line_1_23' title="bbox 392 3132 2783 3224; baseline -0.001 -17"><span class='ocrx_word' id='word_1_165' title='bbox 392 3147 536 3207; x_wconf 84' lang='lat' dir='ltr'>sunt</span> <span class='ocrx_word' id='word_1_166' title='bbox 559 3138 706 3205; x_wconf 88' lang='lat' dir='ltr'>belli</span> <span class='ocrx_word' id='word_1_167' title='bbox 730 3136 948 3204; x_wconf 87' lang='lat' dir='ltr'>molem</span> <span class='ocrx_word' id='word_1_168' title='bbox 975 3136 1043 3201; x_wconf 89' lang='lat' dir='ltr'>in</span> <span class='ocrx_word' id='word_1_169' title='bbox 1092 3132 1556 3201; x_wconf 85' lang='lat' dir='ltr'>O&#39;Sullevanum</span> <span class='ocrx_word' id='word_1_170' title='bbox 1607 3134 1987 3201; x_wconf 88' lang='lat' dir='ltr'>constituunt</span> <span class='ocrx_word' id='word_1_171' title='bbox 2013 3144 2257 3202; x_wconf 80' lang='lat' dir='ltr'>vertere.</span> <span class='ocrx_word' id='word_1_172' title='bbox 2348 3136 2645 3224; x_wconf 83' lang='lat' dir='ltr'>Georgius</span> <span class='ocrx_word' id='word_1_173' title='bbox 2672 3138 2783 3205; x_wconf 78' lang='lat' dir='ltr'>Ca-</span> 
     </span>
     <span class='ocr_line' id='line_1_24' title="bbox 392 3220 2787 3310; baseline -0.001 -17"><span class='ocrx_word' id='word_1_174' title='bbox 392 3250 536 3294; x_wconf 89' lang='lat' dir='ltr'>ruus</span> <span class='ocrx_word' id='word_1_175' title='bbox 564 3225 1008 3293; x_wconf 84' lang='lat' dir='ltr'>Momoniarum</span> <span class='ocrx_word' id='word_1_176' title='bbox 1036 3222 1350 3310; x_wconf 75' lang='lat' dir='ltr'>praefectus</span> <span class='ocrx_word' id='word_1_177' title='bbox 1374 3220 1734 3289; x_wconf 86' lang='lat' dir='ltr'>Corcacham</span> <span class='ocrx_word' id='word_1_178' title='bbox 1753 3222 1947 3309; x_wconf 82' lang='lat' dir='ltr'>regias</span> <span class='ocrx_word' id='word_1_179' title='bbox 1967 3223 2167 3310; x_wconf 84' lang='lat' dir='ltr'>copias</span> <span class='ocrx_word' id='word_1_180' title='bbox 2188 3229 2496 3290; x_wconf 87' lang='lat' dir='ltr'>convocat.</span> <span class='ocrx_word' id='word_1_181' title='bbox 2541 3225 2787 3291; x_wconf 82' lang='lat' dir='ltr'>Auxilia</span> 
     </span>
     <span class='ocr_line' id='line_1_25' title="bbox 393 3308 2784 3397; baseline -0.002 -16"><span class='ocrx_word' id='word_1_182' title='bbox 393 3314 746 3381; x_wconf 89' lang='lat' dir='ltr'>Ibernorum</span> <span class='ocrx_word' id='word_1_183' title='bbox 795 3311 1060 3378; x_wconf 85' lang='lat' dir='ltr'>accersit.</span> <span class='ocrx_word' id='word_1_184' title='bbox 1148 3308 1252 3375; x_wconf 91' lang='lat' dir='ltr'>Illi</span> <span class='ocrx_word' id='word_1_185' title='bbox 1295 3316 1513 3395; x_wconf 84' lang='lat' dir='ltr'>praesto</span> <span class='ocrx_word' id='word_1_186' title='bbox 1557 3308 1822 3389; x_wconf 85' lang='lat' dir='ltr'>fuerunt,</span> <span class='ocrx_word' id='word_1_187' title='bbox 1874 3308 2103 3395; x_wconf 84' lang='lat' dir='ltr'>aliquot</span> <span class='ocrx_word' id='word_1_188' title='bbox 2143 3310 2599 3397; x_wconf 48' lang='lat' dir='ltr'>Angloquerni,</span> <span class='ocrx_word' id='word_1_189' title='bbox 2630 3318 2693 3377; x_wconf 91' lang='lat' dir='ltr'>et</span> <span class='ocrx_word' id='word_1_190' title='bbox 2719 3312 2784 3377; x_wconf 90' lang='lat' dir='ltr'>hi</span> 
     </span>
     <span class='ocr_line' id='line_1_26' title="bbox 394 3394 2782 3486; baseline -0 -20"><span class='ocrx_word' id='word_1_191' title='bbox 394 3400 689 3468; x_wconf 82' lang='lat' dir='ltr'>Momonii</span> <span class='ocrx_word' id='word_1_192' title='bbox 717 3404 1043 3486; x_wconf 84' lang='lat' dir='ltr'>magnates,</span> <span class='ocrx_word' id='word_1_193' title='bbox 1075 3396 1202 3463; x_wconf 85' lang='lat' dir='ltr'>sine</span> <span class='ocrx_word' id='word_1_194' title='bbox 1233 3394 1449 3483; x_wconf 83' lang='lat' dir='ltr'>quibus</span> <span class='ocrx_word' id='word_1_195' title='bbox 1496 3396 1682 3483; x_wconf 79' lang='lat' dir='ltr'>Angli</span> <span class='ocrx_word' id='word_1_196' title='bbox 1723 3418 1935 3483; x_wconf 81' lang='lat' dir='ltr'>parum</span> <span class='ocrx_word' id='word_1_197' title='bbox 1964 3398 2197 3484; x_wconf 80' lang='lat' dir='ltr'>negocii</span> <span class='ocrx_word' id='word_1_198' title='bbox 2238 3409 2485 3485; x_wconf 85' lang='lat' dir='ltr'>possent</span> <span class='ocrx_word' id='word_1_199' title='bbox 2512 3398 2782 3465; x_wconf 79' lang='lat' dir='ltr'>O’Sulle-</span> 
     </span>
     <span class='ocr_line' id='line_1_27' title="bbox 391 3481 2785 3572; baseline -0.001 -19"><span class='ocrx_word' id='word_1_200' title='bbox 391 3492 587 3562; x_wconf 80' lang='lat' dir='ltr'>vsno†</span> <span class='ocrx_word' id='word_1_201' title='bbox 614 3488 917 3564; x_wconf 83' lang='lat' dir='ltr'>facessere,</span> <span class='ocrx_word' id='word_1_202' title='bbox 946 3484 1274 3571; x_wconf 76' lang='lat' dir='ltr'>Dionysius</span> <span class='ocrx_word' id='word_1_203' title='bbox 1319 3481 1582 3549; x_wconf 86' lang='lat' dir='ltr'>O&#39;Brien</span> <span class='ocrx_word' id='word_1_204' title='bbox 1632 3484 1993 3550; x_wconf 82' lang='lat' dir='ltr'>Lomnachae</span> <span class='ocrx_word' id='word_1_205' title='bbox 2042 3486 2319 3572; x_wconf 87' lang='lat' dir='ltr'>princeps</span> <span class='ocrx_word' id='word_1_206' title='bbox 2369 3485 2691 3571; x_wconf 83' lang='lat' dir='ltr'>quondam,</span> <span class='ocrx_word' id='word_1_207' title='bbox 2722 3493 2785 3551; x_wconf 82' lang='lat' dir='ltr'>et</span> 
     </span>
     <span class='ocr_line' id='line_1_28' title="bbox 391 3568 2785 3657; baseline -0.001 -15"><span class='ocrx_word' id='word_1_208' title='bbox 391 3574 698 3643; x_wconf 75' lang='lat' dir='ltr'>Tomoniae</span> <span class='ocrx_word' id='word_1_209' title='bbox 725 3594 942 3652; x_wconf 87' lang='lat' dir='ltr'>comes,</span> <span class='ocrx_word' id='word_1_210' title='bbox 972 3569 1116 3636; x_wconf 83' lang='lat' dir='ltr'>Mac</span> <span class='ocrx_word' id='word_1_211' title='bbox 1159 3568 1384 3636; x_wconf 77' lang='lat' dir='ltr'>Cartha</span> <span class='ocrx_word' id='word_1_212' title='bbox 1427 3570 1658 3635; x_wconf 82' lang='lat' dir='ltr'>Fuscus</span> <span class='ocrx_word' id='word_1_213' title='bbox 1702 3569 1963 3636; x_wconf 74' lang='lat' dir='ltr'>Csrbriae</span> <span class='ocrx_word' id='word_1_214' title='bbox 2003 3572 2298 3657; x_wconf 89' lang='lat' dir='ltr'>princeps,</span> <span class='ocrx_word' id='word_1_215' title='bbox 2348 3572 2598 3638; x_wconf 83' lang='lat' dir='ltr'>Carolus</span> <span class='ocrx_word' id='word_1_216' title='bbox 2640 3572 2785 3639; x_wconf 79' lang='lat' dir='ltr'>Mac</span> 
     </span>
     <span class='ocr_line' id='line_1_29' title="bbox 389 3655 2784 3744; baseline -0.002 -16"><span class='ocrx_word' id='word_1_217' title='bbox 389 3660 615 3729; x_wconf 82' lang='lat' dir='ltr'>Oarrha</span> <span class='ocrx_word' id='word_1_218' title='bbox 685 3658 968 3725; x_wconf 75' lang='lat' dir='ltr'>Muscriae</span> <span class='ocrx_word' id='word_1_219' title='bbox 1023 3656 1317 3743; x_wconf 88' lang='lat' dir='ltr'>princeps,</span> <span class='ocrx_word' id='word_1_220' title='bbox 1374 3655 1620 3722; x_wconf 71' lang='lat' dir='ltr'>Bai-rius</span> <span class='ocrx_word' id='word_1_221' title='bbox 1689 3656 1959 3744; x_wconf 80' lang='lat' dir='ltr'>Magnus</span> <span class='ocrx_word' id='word_1_222' title='bbox 2046 3656 2369 3723; x_wconf 87' lang='lat' dir='ltr'>Botevanti</span> <span class='ocrx_word' id='word_1_223' title='bbox 2436 3660 2784 3739; x_wconf 80' lang='lat' dir='ltr'>vicecomes,</span> 
     </span>
     <span class='ocr_line' id='line_1_30' title="bbox 392 3741 2785 3829; baseline -0.002 -14"><span class='ocrx_word' id='word_1_224' title='bbox 392 3745 948 3823; x_wconf 85' lang='lat' dir='ltr'>O&#39;Donnobhanus,</span> <span class='ocrx_word' id='word_1_225' title='bbox 976 3764 1157 3828; x_wconf 87' lang='lat' dir='ltr'>eques</span> <span class='ocrx_word' id='word_1_226' title='bbox 1185 3743 1448 3808; x_wconf 84' lang='lat' dir='ltr'>Auratus</span> <span class='ocrx_word' id='word_1_227' title='bbox 1493 3741 1709 3823; x_wconf 81' lang='lat' dir='ltr'>Albus,</span> <span class='ocrx_word' id='word_1_228' title='bbox 1737 3742 2050 3829; x_wconf 81' lang='lat' dir='ltr'>Eugenius</span> <span class='ocrx_word' id='word_1_229' title='bbox 2093 3743 2525 3810; x_wconf 84' lang='lat' dir='ltr'>O&#39;Sullevanus</span> <span class='ocrx_word' id='word_1_230' title='bbox 2567 3744 2785 3811; x_wconf 90' lang='lat' dir='ltr'>O&#39;Sul·</span> 
     </span>
     <span class='ocr_line' id='line_1_31' title="bbox 390 3828 2785 3918; baseline -0.001 -19"><span class='ocrx_word' id='word_1_231' title='bbox 390 3834 587 3901; x_wconf 85' lang='lat' dir='ltr'>levani</span> <span class='ocrx_word' id='word_1_232' title='bbox 654 3832 854 3898; x_wconf 88' lang='lat' dir='ltr'>uidem</span> <span class='ocrx_word' id='word_1_233' title='bbox 881 3828 1185 3918; x_wconf 85' lang='lat' dir='ltr'>patruelis,</span> <span class='ocrx_word' id='word_1_234' title='bbox 1211 3829 1400 3894; x_wconf 82' lang='lat' dir='ltr'>hostis</span> <span class='ocrx_word' id='word_1_235' title='bbox 1427 3837 1629 3895; x_wconf 88' lang='lat' dir='ltr'>tamen</span> <span class='ocrx_word' id='word_1_236' title='bbox 1655 3829 2094 3910; x_wconf 79' lang='lat' dir='ltr'>infestissimus,</span> <span class='ocrx_word' id='word_1_237' title='bbox 2122 3830 2471 3916; x_wconf 83' lang='lat' dir='ltr'>Dermysius</span> <span class='ocrx_word' id='word_1_238' title='bbox 2515 3831 2785 3897; x_wconf 88' lang='lat' dir='ltr'>O&#39;Sulle-</span> 
     </span>
     <span class='ocr_line' id='line_1_32' title="bbox 391 3915 2787 4005; baseline -0.001 -18"><span class='ocrx_word' id='word_1_239' title='bbox 391 3922 533 3987; x_wconf 84' lang='lat' dir='ltr'>vani</span> <span class='ocrx_word' id='word_1_240' title='bbox 780 3918 794 3932; x_wconf 85' lang='grc'><strong>”</strong></span> <span class='ocrx_word' id='word_1_241' title='bbox 845 3918 1045 3997; x_wconf 79' lang='lat' dir='ltr'>frater,</span> <span class='ocrx_word' id='word_1_242' title='bbox 1089 3915 1416 4003; x_wconf 75' lang='lat' dir='ltr'>Dionysius</span> <span class='ocrx_word' id='word_1_243' title='bbox 1460 3922 1523 3981; x_wconf 88' lang='lat' dir='ltr'>et</span> <span class='ocrx_word' id='word_1_244' title='bbox 1571 3915 1911 3982; x_wconf 79' lang='lat' dir='ltr'>Florentius</span> <span class='ocrx_word' id='word_1_245' title='bbox 1960 3916 2102 3983; x_wconf 84' lang='lat' dir='ltr'>Mac</span> <span class='ocrx_word' id='word_1_246' title='bbox 2129 3916 2367 3983; x_wconf 65' lang='lat' dir='ltr'>Carrhae</span> <span class='ocrx_word' id='word_1_247' title='bbox 2408 3918 2639 3997; x_wconf 81' lang='lat' dir='ltr'>fratres,</span> <span class='ocrx_word' id='word_1_248' title='bbox 2683 3920 2787 4005; x_wconf 88' lang='lat' dir='ltr'>qui</span> 
     </span>
     <span class='ocr_line' id='line_1_33' title="bbox 395 4002 2784 4084; baseline -0.002 -9"><span class='ocrx_word' id='word_1_249' title='bbox 395 4006 864 4075; x_wconf 84' lang='lat' dir='ltr'>O&#39;Sullevanum</span> <span class='ocrx_word' id='word_1_250' title='bbox 893 4004 1318 4069; x_wconf 83' lang='lat' dir='ltr'>deseruerunt:</span> <span class='ocrx_word' id='word_1_251' title='bbox 1365 4002 1674 4068; x_wconf 78' lang='lat' dir='ltr'>Urmoniae</span> <span class='ocrx_word' id='word_1_252' title='bbox 1702 4004 2020 4069; x_wconf 80' lang='lat' dir='ltr'>comitatus</span> <span class='ocrx_word' id='word_1_253' title='bbox 2064 4004 2345 4084; x_wconf 88' lang='lat' dir='ltr'>delectus,</span> <span class='ocrx_word' id='word_1_254' title='bbox 2378 4011 2441 4069; x_wconf 92' lang='lat' dir='ltr'>et</span> <span class='ocrx_word' id='word_1_255' title='bbox 2474 4005 2784 4071; x_wconf 83' lang='lat' dir='ltr'>auxiliares</span> 
     </span>
     <span class='ocr_line' id='line_1_34' title="bbox 395 4088 2784 4191; baseline -0.002 -29"><span class='ocrx_word' id='word_1_256' title='bbox 395 4095 471 4161; x_wconf 84' lang='lat' dir='ltr'>ab</span> <span class='ocrx_word' id='word_1_257' title='bbox 501 4094 632 4161; x_wconf 86' lang='lat' dir='ltr'>aliis</span> <span class='ocrx_word' id='word_1_258' title='bbox 657 4092 844 4158; x_wconf 88' lang='lat' dir='ltr'>missi.</span> <span class='ocrx_word' id='word_1_259' title='bbox 931 4090 1122 4157; x_wconf 84' lang='lat' dir='ltr'>Totus</span> <span class='ocrx_word' id='word_1_260' title='bbox 1170 4090 1464 4155; x_wconf 84' lang='lat' dir='ltr'>exercitus</span> <span class='ocrx_word' id='word_1_261' title='bbox 1513 4088 1860 4156; x_wconf 86' lang='lat' dir='ltr'>continebat</span> <span class='ocrx_word' id='word_1_262' title='bbox 1886 4090 2023 4191; x_wconf 82' lang='lat' dir='ltr'>plus</span> <span class='ocrx_word' id='word_1_263' title='bbox 2092 4098 2310 4156; x_wconf 86' lang='lat' dir='ltr'>natuor</span> <span class='ocrx_word' id='word_1_264' title='bbox 2337 4090 2601 4157; x_wconf 88' lang='lat' dir='ltr'>millibus</span> <span class='ocrx_word' id='word_1_265' title='bbox 2630 4091 2784 4157; x_wconf 86' lang='lat' dir='ltr'>mili-</span> 
     </span>
     <span class='ocr_line' id='line_1_35' title="bbox 395 4176 2785 4264; baseline -0.002 -16"><span class='ocrx_word' id='word_1_266' title='bbox 395 4190 548 4263; x_wconf 83' lang='lat' dir='ltr'>tum,</span> <span class='ocrx_word' id='word_1_267' title='bbox 663 4200 878 4245; x_wconf 89' lang='lat' dir='ltr'>uorum</span> <span class='ocrx_word' id='word_1_268' title='bbox 948 4178 1050 4243; x_wconf 84' lang='lat' dir='ltr'>vix</span> <span class='ocrx_word' id='word_1_269' title='bbox 1101 4176 1416 4263; x_wconf 81' lang='lat' dir='ltr'>quingenti</span> <span class='ocrx_word' id='word_1_270' title='bbox 1486 4186 1656 4242; x_wconf 83' lang='lat' dir='ltr'>erant</span> <span class='ocrx_word' id='word_1_271' title='bbox 1726 4176 1934 4264; x_wconf 78' lang='lat' dir='ltr'>Angli.</span> <span class='ocrx_word' id='word_1_272' title='bbox 2154 4178 2265 4243; x_wconf 87' lang='lat' dir='ltr'>teri</span> <span class='ocrx_word' id='word_1_273' title='bbox 2336 4185 2505 4244; x_wconf 89' lang='lat' dir='ltr'>erant</span> <span class='ocrx_word' id='word_1_274' title='bbox 2560 4177 2785 4257; x_wconf 86' lang='lat' dir='ltr'>Iberni,</span> 
     </span>
     <span class='ocr_line' id='line_1_36' title="bbox 395 4204 2786 4354; baseline -0.003 -18"><span class='ocrx_word' id='word_1_275' title='bbox 395 4276 458 4335; x_wconf 89' lang='lat' dir='ltr'>et</span> <span class='ocrx_word' id='word_1_276' title='bbox 514 4204 970 4354; x_wconf 57' lang='lat' dir='ltr'>Anglo-Iberni,</span> <span class='ocrx_word' id='word_1_277' title='bbox 1029 4264 1134 4350; x_wconf 85' lang='lat' dir='ltr'>qui</span> <span class='ocrx_word' id='word_1_278' title='bbox 1192 4263 1511 4351; x_wconf 76' lang='lat' dir='ltr'>desperatis</span> <span class='ocrx_word' id='word_1_279' title='bbox 1567 4262 1746 4330; x_wconf 87' lang='lat' dir='ltr'>rebus</span> <span class='ocrx_word' id='word_1_280' title='bbox 1803 4264 1843 4329; x_wconf 67' lang='lat' dir='ltr'>a</span> <span class='ocrx_word' id='word_1_281' title='bbox 1899 4265 2107 4351; x_wconf 84' lang='lat' dir='ltr'>regina</span> <span class='ocrx_word' id='word_1_282' title='bbox 2164 4265 2485 4331; x_wconf 87' lang='lat' dir='ltr'>desciscere</span> <span class='ocrx_word' id='word_1_283' title='bbox 2541 4263 2786 4331; x_wconf 69' lang='lat' dir='ltr'>minime</span> 
     </span>
     <span class='ocr_line' id='line_1_37' title="bbox 397 4348 2785 4437; baseline -0.002 -15"><span class='ocrx_word' id='word_1_284' title='bbox 397 4355 510 4422; x_wconf 81' lang='lat' dir='ltr'>sibi</span> <span class='ocrx_word' id='word_1_285' title='bbox 560 4362 789 4433; x_wconf 76' lang='lat' dir='ltr'>tutum,</span> <span class='ocrx_word' id='word_1_286' title='bbox 836 4358 899 4418; x_wconf 93' lang='lat' dir='ltr'>et</span> <span class='ocrx_word' id='word_1_287' title='bbox 940 4352 1242 4437; x_wconf 80' lang='lat' dir='ltr'>integrum</span> <span class='ocrx_word' id='word_1_288' title='bbox 1284 4348 1722 4424; x_wconf 82' lang='lat' dir='ltr'>existimabant.</span> <span class='ocrx_word' id='word_1_289' title='bbox 1806 4350 1962 4417; x_wconf 88' lang='lat' dir='ltr'>Cum</span> <span class='ocrx_word' id='word_1_290' title='bbox 2009 4352 2105 4416; x_wconf 91' lang='lat' dir='ltr'>his</span> <span class='ocrx_word' id='word_1_291' title='bbox 2156 4351 2339 4435; x_wconf 88' lang='lat' dir='ltr'>copiis</span> <span class='ocrx_word' id='word_1_292' title='bbox 2382 4350 2613 4417; x_wconf 75' lang='lat' dir='ltr'>Curuus</span> <span class='ocrx_word' id='word_1_293' title='bbox 2641 4351 2785 4417; x_wconf 85' lang='lat' dir='ltr'>Cor-</span> 
     </span>
     <span class='ocr_line' id='line_1_38' title="bbox 397 4437 2785 4528; baseline -0.002 -19"><span class='ocrx_word' id='word_1_294' title='bbox 397 4444 616 4515; x_wconf 82' lang='lat' dir='ltr'>cacha†</span> <span class='ocrx_word' id='word_1_295' title='bbox 667 4461 938 4528; x_wconf 83' lang='lat' dir='ltr'>egressus</span> <span class='ocrx_word' id='word_1_296' title='bbox 983 4437 1206 4503; x_wconf 82' lang='lat' dir='ltr'>Martio</span> <span class='ocrx_word' id='word_1_297' title='bbox 1256 4458 1460 4503; x_wconf 83' lang='lat' dir='ltr'>mense</span> <span class='ocrx_word' id='word_1_298' title='bbox 1504 4460 1662 4504; x_wconf 89' lang='lat' dir='ltr'>anno</span> <span class='ocrx_word' id='word_1_299' title='bbox 1704 4438 2016 4504; x_wconf 86' lang='lat' dir='ltr'>millesimo</span> <span class='ocrx_word' id='word_1_300' title='bbox 2060 4439 2483 4503; x_wconf 85' lang='lat' dir='ltr'>sexcentesimo</span> <span class='ocrx_word' id='word_1_301' title='bbox 2526 4438 2785 4505; x_wconf 87' lang='lat' dir='ltr'>secundo</span> 
     </span>
    </p>
   </div>
   <div class='ocr_carea' id='block_1_8' title="bbox 401 4617 2788 4900">
    <p class='ocr_par' dir='ltr' id='par_1_8' title="bbox 469 4617 1234 4680">
     <span class='ocr_line' id='line_1_39' title="bbox 469 4617 1234 4680; baseline -0.014 -2"><span class='ocrx_word' id='word_1_302' title='bbox 469 4624 494 4651; x_wconf 76' lang='grc'><em>·</em></span> <span class='ocrx_word' id='word_1_303' title='bbox 531 4622 688 4676; x_wconf 77' lang='lat' dir='ltr'>Fom-</span> <span class='ocrx_word' id='word_1_304' title='bbox 712 4618 970 4680; x_wconf 77' lang='lat' dir='ltr'>Masters,</span> <span class='ocrx_word' id='word_1_305' title='bbox 1033 4653 1047 4668; x_wconf 90' lang='lat'>.</span> <span class='ocrx_word' id='word_1_306' title='bbox 1075 4617 1234 4669; x_wconf 73' lang='lat'>2305.</span> 
     </span>
    </p>

    <p class='ocr_par' dir='ltr' id='par_1_9' title="bbox 401 4632 2788 4900">
     <span class='ocr_line' id='line_1_40' title="bbox 471 4632 2788 4761; baseline -0.003 -14"><span class='ocrx_word' id='word_1_307' title='bbox 471 4695 500 4761; x_wconf 81' lang='lat'>†</span> <span class='ocrx_word' id='word_1_308' title='bbox 537 4688 946 4755; x_wconf 78' lang='lat' dir='ltr'>3,000.--Four</span> <span class='ocrx_word' id='word_1_309' title='bbox 990 4632 1250 4749; x_wconf 52' lang='lat' dir='ltr'>huten-s,</span> <span class='ocrx_word' id='word_1_310' title='bbox 1288 4702 1344 4757; x_wconf 90' lang='lat' dir='ltr'>p.</span> <span class='ocrx_word' id='word_1_311' title='bbox 1382 4686 1564 4751; x_wconf 69' lang='lat'><strong>23053</strong></span> <span class='ocrx_word' id='word_1_312' title='bbox 1607 4682 1762 4749; x_wconf 75' lang='lat'><em>1:700</em></span> <span class='ocrx_word' id='word_1_313' title='bbox 1800 4682 2047 4738; x_wconf 77' lang='lat' dir='ltr'>effective</span> <span class='ocrx_word' id='word_1_314' title='bbox 2082 4700 2226 4751; x_wconf 86' lang='lat' dir='ltr'>men,</span> <span class='ocrx_word' id='word_1_315' title='bbox 2270 4685 2475 4740; x_wconf 79' lang='lat' dir='ltr'>Pacata</span> <span class='ocrx_word' id='word_1_316' title='bbox 2504 4683 2788 4740; x_wconf 84' lang='lat' dir='ltr'>Hibernia.</span> 
     </span>
     <span class='ocr_line' id='line_1_41' title="bbox 401 4752 2779 4827; baseline -0.003 -9"><span class='ocrx_word' id='word_1_317' title='bbox 401 4764 520 4817; x_wconf 79' lang='lat' dir='ltr'>Not</span> <span class='ocrx_word' id='word_1_318' title='bbox 559 4762 750 4817; x_wconf 73' lang='lat' dir='ltr'>Ost-ew</span> <span class='ocrx_word' id='word_1_319' title='bbox 775 4758 1010 4821; x_wconf 79' lang='lat' dir='ltr'>himself,</span> <span class='ocrx_word' id='word_1_320' title='bbox 1033 4758 1135 4812; x_wconf 88' lang='lat' dir='ltr'>but</span> <span class='ocrx_word' id='word_1_321' title='bbox 1175 4756 1270 4811; x_wconf 86' lang='lat' dir='ltr'>the</span> <span class='ocrx_word' id='word_1_322' title='bbox 1313 4754 1447 4812; x_wconf 69' lang='lat' dir='ltr'>Earl</span> <span class='ocrx_word' id='word_1_323' title='bbox 1473 4754 1538 4808; x_wconf 81' lang='lat' dir='ltr'>of</span> <span class='ocrx_word' id='word_1_324' title='bbox 1569 4752 1879 4818; x_wconf 65' lang='lat' dir='ltr'>ThomomL</span> <span class='ocrx_word' id='word_1_325' title='bbox 1904 4756 2259 4809; x_wconf 75' lang='lat' dir='ltr'>commanded</span> <span class='ocrx_word' id='word_1_326' title='bbox 2284 4754 2392 4810; x_wconf 75' lang='lat' dir='ltr'>this</span> <span class='ocrx_word' id='word_1_327' title='bbox 2416 4756 2537 4811; x_wconf 80' lang='lat' dir='ltr'>first</span> <span class='ocrx_word' id='word_1_328' title='bbox 2562 4758 2779 4827; x_wconf 85' lang='lat' dir='ltr'>expedi-</span> 
     </span>
     <span class='ocr_line' id='line_1_42' title="bbox 401 4824 2313 4900; baseline -0.004 -11"><span class='ocrx_word' id='word_1_329' title='bbox 401 4835 536 4900; x_wconf 85' lang='lat' dir='ltr'>tion,</span> <span class='ocrx_word' id='word_1_330' title='bbox 559 4833 609 4887; x_wconf 79' lang='lat' dir='ltr'>if</span> <span class='ocrx_word' id='word_1_331' title='bbox 639 4851 716 4886; x_wconf 77' lang='lat' dir='ltr'>we</span> <span class='ocrx_word' id='word_1_332' title='bbox 741 4848 842 4885; x_wconf 80' lang='lat' dir='ltr'>can</span> <span class='ocrx_word' id='word_1_333' title='bbox 868 4829 1070 4885; x_wconf 82' lang='lat' dir='ltr'>believe</span> <span class='ocrx_word' id='word_1_334' title='bbox 1096 4828 1306 4883; x_wconf 73' lang='lat' dir='ltr'>Pacata</span> <span class='ocrx_word' id='word_1_335' title='bbox 1329 4824 1603 4882; x_wconf 78' lang='lat' dir='ltr'>Hibernia</span> <span class='ocrx_word' id='word_1_336' title='bbox 1621 4826 1729 4880; x_wconf 79' lang='lat' dir='ltr'>and</span> <span class='ocrx_word' id='word_1_337' title='bbox 1750 4826 1849 4880; x_wconf 82' lang='lat' dir='ltr'>the</span> <span class='ocrx_word' id='word_1_338' title='bbox 1876 4824 2031 4881; x_wconf 81' lang='lat' dir='ltr'>Four</span> <span class='ocrx_word' id='word_1_339' title='bbox 2060 4826 2313 4881; x_wconf 82' lang='lat' dir='ltr'>Masters.</span> 
     </span>
    </p>
   </div>
  </div>
 </body>
</html>
