3634 5842
863 670 977 766 ‘27
986 702 1028 761 6
1328 695 1745 760 o’sunmvam
1790 709 2110 758 marom
2155 711 2540 770 carnoucffl,
2570 709 2720 755 rou.
2765 709 2852 754 ιν.
3039 689 3198 772 [m.
3231 707 3278 752 ι.

1905 1111 2086 1176 ΟΑΡ.
2132 1109 2247 1176 VI.

1070 1346 1317 1418 Aliquot,
1335 1344 1429 1417 qui
1451 1342 1615 1397 fidem
1640 1341 1890 1398 deserere
1913 1341 2226 1408 uoluerunt,
2249 1339 2440 1394 animae
2463 1339 2749 1394 amissione
2773 1337 3088 1410 puniuntur.

892 1543 999 1610 Ex
1022 1543 1137 1623 his,
1168 1543 1273 1629 qui
1300 1541 1417 1608 illis
1464 1541 1827 1608 reconciliari
1877 1551 2000 1607 tam
2027 1541 2148 1606 cito
2176 1540 2516 1617 noluerunt,
2543 1539 2662 1604 fuit
2688 1537 2952 1604 Felmius
2977 1537 3121 1604 Mac
3147 1537 3272 1602 De-

892 1631 1073 1708 vitus,
1104 1631 1209 1716 qui
1252 1630 1418 1696 brevi
1465 1637 1623 1716 post,
1669 1627 1902 1694 insidiis
1951 1627 2241 1714 proditus,
2267 1627 2590 1715 multisque
2636 1625 2980 1692 vulneribus
3028 1625 3276 1692 affectus

894 1717 1184 1816 proditur,
1232 1715 1708 1803 deprehenditur,
1760 1721 1823 1780 et
1853 1713 2138 1814 ‚adhibita
2174 1713 2502 1836 curatione,
2551 1735 2689 1814 cum
2749 1711 3162 1828 convaluisset,
3207 1712 3274 1812 in

894 1802 2008 1975 Effitissffsszssmfflg‘ssfffflfi
2034 1801 2200 1967 1021}
2219 1797 3112 1985 {effifflssffisfflss
3113 1799 3276 1950 21'¹132

894 1976 1014 2042 illis
1041 1974 1256 2042 rebns’'
1300 1982 1341 2012 “
1360 1976 1557 2062 inquit
1602 1974 1907 2040 Felmiud’
1961 1997 2095 2062 quae
2143 1973 2432 2052 militibus
2477 1995 2514 2038 o
2557 1975 2841 2059 tigerunt,
2884 1973 3038 2038 mhss
3081 1971 3276 2038 habeo

894 2063 1041 2128 certi
1056 2063 1119 2143 ;’'
1164 2085 1250 2128 eae
1278 2062 1416 2128 verb
1446 2085 1593 2148 quas
1632 2060 2014 2128 O'Doeharta
2041 2061 2286 2128 sortitus
2313 2067 2424 2140 est,
2455 2085 2492 2126 a
2528 2060 2615 2126 ud
2641 2081 2738 2126 me
2767 2066 2930 2126 sunt.
3015 2063 3060 2096 “
3078 2059 3278 2124 Resti-

892 2155 1027 2216 tuas
1046 2149 1088 2178 ’³
1162 2155 1204 2186 “
1224 2150 1421 2235 inquit
1478 2148 1752 2235 prorex,’'
1829 2171 1922 2214 res
1973 2170 2130 2227 suas,
2187 2171 2218 2213 r
2297 2149 2330 2161 ““
2421 2170 2496 2211 su
2527 2147 2703 2233 jectis
2759 2145 2914 2212 male
2983 2145 3269 2212 ablatas?

893 2240 938 2271 “
963 2235 1259 2320 Equidem
1337 2257 1459 2300 non
1542 2236 1753 2320 ignoro
1830 2240 1874 2270 “
1899 2235 2098 2320 inquit
2175 2234 2262 2299 Fe
2349 2234 2438 2298 ‘us
2464 2233 2507 2263 ”
2577 2253 2966 2320 quaecumque
3035 2233 3276 2320 eaeperit

896 2320 1295 2399 O’Do'charta,
1356 2323 1495 2408 jure
1549 2320 1708 2401 belli,
1776 2327 2110 2406 sanctaeque
2165 2321 2465 2406 religionis
2521 2320 2844 2386 Catholicae
2897 2318 3131 2406 legibus
3184 2317 3276 2384 illi

894 2407 1115 2474 deberi.
1244 2408 1400 2474 Cum
1483 2415 1685 2474 tamen
1768 2431 1893 2473 non
2008 2408 2130 2474 sint
2233 2430 2386 2494 opus
2494 2406 2894 2474 O'Doehartoe
2998 2408 3122 2493 J'am
3205 2405 3280 2472 iu

894 2495 1041 2562 coelo
1088 2495 1374 2582 profecto,
1414 2493 1520 2560 ubi
1563 2494 1797 2560 divitias
1853 2501 2102 2560 aeternas
2161 2493 2275 2560 sibi
2324 2495 2706 2581 comparavit,
2757 2515 2827 2559 ea
2873 2492 2988 2560 tibi
3030 2493 3278 2560 reddam

894 2581 1000 2648 sed
1027 2583 1097 2648 αθ.
1121 2581 1273 2668 lege,
1302 2588 1374 2647 ut
1421 2581 1569 2648 mihi
1610 2581 2078 2647 incolumitatem
2123 2581 2429 2661 concedaS,
2471 2587 2944 2667 potestatemque
2989 2581 3170 2648 facias
3209 2580 3277 2644 in

896 2668 1270 2755 Hispaniam,
1302 2667 1558 2734 Galliam
1584 2668 1678 2736 vel
1704 2667 1982 2754 Belgium
2039 2668 2353 2753 migrandi.
2443 2674 2484 2705 “
2501 2667 2724 2734 Beatus
2745 2668 2785 2697 ’³
2813 2669 3016 2754 inquit
3041 2689 3276 2755 prorex,

888 2777 1095 2821 omnes
1122 2754 1235 2820 tibi
1265 2755 1577 2834 dimittam,
1628 2755 1801 2820 venia
1847 2763 1912 2820 te
1957 2754 2210 2835 donabo,
2258 2755 2978 2842 honorificentissimisque
3017 2755 3276 2844 praemiis

889 2843 1138 2908 afficiam
1167 2844 1238 2908 ea
1264 2841 1624 2920 conditione,
1655 2849 1726 2907 ut
1755 2864 1790 2907 a
1816 2849 1940 2907 tuae
1983 2842 2285 2928 religionis
2331 2841 2626 2908 erroribus
2655 2863 2914 2920 aversus,
2943 2843 3099 2928 regis
3127 2841 3278 2928 legi-

889 2928 1005 2994 bus
1034 2929 1387 3007 assentiaris,
1418 2928 1766 3014 religionem
1825 2929 2174 3014 profitearis,
2231 2934 2295 2996 et
2351 2928 2608 2994 eundem
2663 2951 2794 2994 esse
2847 2929 3108 2994 eeclesiae
3149 2951 3274 2994 suae

890 3016 1219 3102 principem
1243 3015 1628 3166 jurei'urando
1658 3017 1990 3095 confirmes,
2039 3024 2109 3081 ut
2155 3015 2230 3082 de
2273 3037 2438 3082 more
2486 3015 2715 3080 faciunt
2742 3037 2948 3082 omnes
2976 3017 3104 3102 ejus
3131 3013 3272 3080 sub-

884 3102 1049 3187 jecti,
1080 3103 1261 3166 animi
1290 3125 1351 3166 se
1394 3103 1497 3180 ati,
1528 3109 1589 3165 et
1616 3123 1653 3166 a
1682 3101 2229 3187 perturbationibus
2258 3102 2492 3169 liberi.”
2541 3108 2582 3138 “
2601 3101 2838 3182 Gerte,”
2869 3125 3077 3190 prorex
3123 3107 3165 3137 “
3179 3103 3272 3166 in·

890 3189 1024 3338 quit
1054 3187 1314 3252 Felmius
1334 3187 1376 3217 '³
1406 3188 1819 3273 intempestive
1877 3194 2114 3254 tantum
2162 3189 2310 3254 mihi
2361 3188 2552 3255 scelus
2581 3189 2812 3269 suades,
2844 3198 2914 3254 ut
2955 3197 3274 3276 postquam

934 3274 1199 3339 ominum
1224 3295 1427 3339 meum
1454 3274 1779 3340 naturalem
1810 3275 1998 3354 amisi,
2021 3276 2390 3341 fortunarum
2435 3297 2512 3340 ue
2537 3277 2808 3341 omnium
2830 3277 3122 3362 jacturam
3137 3275 3272 3354 feci,

890 3358 1089 3426 Deum
1120 3361 1299 3425 etiam
1324 3361 1471 3426 mihi
1522 3361 1809 3426 infestum
1837 3360 2099 3439 reddam,
2129 3369 2202 3428 ut
2229 3369 2292 3428 et
2318 3295 2526 3428 inimo
2555 3362 2772 3428 saeculo
2801 3365 2986 3429 vitam
3013 3363 3274 3428 miserri-

890 3467 1051 3512 mam
1079 3445 1292 3533 degam
1318 3453 1381 3512 et
1406 3447 1474 3512 in
1502 3447 1685 3513 altero
1712 3449 1905 3534 poenis
1933 3449 2172 3514 oeternis
2200 3449 2443 3516 crucier.
2522 3455 2564 3484 “
2587 3447 2790 3515 Homo
2819 3449 3034 3516 stolide
3048 3449 3090 3480 ’³
3119 3455 3162 3486 “
3181 3450 3274 3514 in-

892 3535 1025 3618 quit
1067 3555 1280 3619 prorex
1296 3533 1339 3562 ”
1390 3533 1571 3620 longe
1614 3533 1832 3602 falleris
1882 3535 2178 3622 opinione.
2263 3536 2399 3622 Ego
2427 3535 2540 3601 tibi
2587 3559 2786 3602 veram
2817 3537 3170 3623 religionem
3207 3536 3274 3602 in

892 3621 1103 3687 eaelum
1134 3621 1451 3686 dueentem
1478 3621 1732 3688 suadeo:
1775 3622 1982 3688 utilior
2018 3627 2080 3687 et
2127 3621 2534 3709 indulgentior
2581 3623 2858 3690 dominus
2911 3647 3018 3690 rex
3045 3625 3178 3703 erit,
3221 3624 3275 3690 si

890 3706 1125 3794 legibus
1152 3707 1281 3793 ejus
1300 3706 1503 3774 obtem
1580 3731 1693 3788 ras,
1723 3709 1904 3795 quam
1951 3709 2070 3774 fuit
2117 3709 2562 3776 adolecentulus
2587 3700 2731 3775 tnu's
2759 3711 3122 3790 temerarius,
3166 3711 3272 3797 qui

890 3802 986 3860 est
1012 3793 1228 3861 scelere
1256 3816 1365 3860 suo
1393 3817 1499 3881 per
1545 3795 1679 3873 tus,
1708 3796 2049 3881 majoraque
2064 3795 2222 3863 dona
2241 3795 2424 3875 dabit,
2443 3797 2624 3884 quam
2645 3817 2912 3884 unquam
2927 3797 3270 3898 possedisti.

894 3886 937 3916 “
956 3881 1217 3946 Exeeror
1263 3881 1461 3966 inquit
1509 3881 1810 3947 Felmius''
1859 3904 2095 3948 omnem
2145 3883 2456 3949 hominum
2587 3884 2750 3965 tiam,
2781 3906 2982 3951 omma
3007 3885 3268 3970 praemia,

894 3968 1093 4033 omnia
1118 3966 1277 4034 bona
1302 3966 1530 4068 mundi,
1561 3987 1696 4054 quae
1743 3990 1842 4033 me
1860 4055 1873 4068 ⁸
1889 3975 2157 4036 avertant
2184 3993 2220 4035 a
2245 3969 2362 4036 fide
2389 3906 2871 4051 megrgatholicg,
2901 3971 3270 4058 ApostolicA.

896 4055 1185 4134 Romana,
1216 4076 1393 4139 quam
1420 4076 1489 4119 ιιι
1518 4076 1681 4120 sacro
1710 4055 2083 4142 baptrsmatis
2124 4057 2292 4123 fonte
2319 4079 2452 4122 sum
2480 4059 2798 4145 professus,
2869 4081 3011 4125 uam
3037 4081 3268 4146 semper

894 4141 1236 4207 inviolatam
1263 4141 1622 4220 conservavi,
1653 4163 1832 4226 quam
1859 4143 1924 4208 in
1959 4143 2070 4209 hae
2097 4142 2294 4211 insula
2321 4168 2356 4209 a
2381 4145 2540 4212 Divo
2569 4145 2819 4212 Patritio
2909 4147 2964 4212 ei
2991 4168 3178 4225 servo,
3207 4152 3270 4212 et

706 4245 881 4316 [ma]
898 4229 1138 4294 homine
1164 4227 1534 4294 sanctissimo
1584 4227 1868 4294 divinitus
1913 4234 2156 4313 satam,u
2191 4230 2516 4318 multisque
2542 4233 2838 4299 miraculis
2866 4235 3270 4299 confirmatam

897 4337 1104 4381 omnes
1130 4315 1249 4381 mei
1276 4315 1525 4400 majores
1570 4335 1810 4401 synoere
1837 4337 2100 4402 pureque
2129 4317 2452 4384 solverunt.
2535 4321 2588 4384 A
2693 4321 2710 4386 1
2755 4319 2970 4386 adhibe
2997 4327 3270 4398 tortores,

896 4403 963 4467 in
992 4402 1106 4468 hoc
1134 4423 1349 4488 corpus
1364 4401 1544 4487 quam
1561 4401 1980 4469 crudelissimis
1993 4403 2354 4471 cruciatibus
2370 4407 2508 4472 saevi
2527 4408 2550 4472 ,Ι
2635 4429 2714 4493 go
2733 4405 2886 4472 illud
2914 4429 3022 4493 pro
3049 4406 3274 4474 Christi

897 4488 940 4553 J
941 4511 1048 4554 esu
1094 4489 1353 4569 nomine,
1383 4488 1499 4554 fide
1539 4511 1617 4554 ue
1660 4489 1920 4569 tuendis,
1967 4510 2194 4578 proque
2241 4494 2388 4558 meis
2433 4493 2681 4580 piaculis
2729 4492 3040 4560 abluendis
3067 4495 3268 4561 offero.

892 4574 1029 4639 Tibi
1056 4575 1196 4640 vero
1225 4598 1485 4676 summas
1502 4511 1680 4641 (bem
1814 4584 1904 4642 tes
1934 4600 2066 4664 ago,
2098 4577 2259 4663 quod
2287 4579 2388 4644 illa
2416 4580 2564 4645 mihi
2593 4579 2718 4646 dies
2745 4579 3024 4660 illuxerit,
3055 4581 3120 4646 in
3149 4584 3272 4668 qua

890 4681 1000 4744 pro
1028 4668 1089 4726 te
1138 4685 1487 4748 sangumem
1533 4663 1691 4728 effun
1737 4685 1834 4729 ere
1889 4665 2132 4750 possim,
2191 4665 2294 4750 qni
2351 4672 2458 4731 tuo
2509 4667 2898 4734 sacratissimo
2927 4668 3270 4734 mortalium

888 4746 1089 4814 sordes
1140 4749 1337 4814 eluisti
1443 4748 1541 4814 Ob
1572 4749 1699 4818 haec
1728 4749 1904 4831 dicta,
1952 4773 2164 4839 prorex
2213 4752 2300 4818 ira
2349 4753 2607 4839 percitus
2639 4752 2812 4839 jubet
2865 4777 3078 4842 rogum
3125 4779 3266 4823 con-
