3634 5842
921 739 1000 800 26
1349 737 1766 802 o'suntnvam
1809 755 2121 800 fflsoeonun
2166 753 2553 812 carrionem,
2583 753 2713 799 ‘rou
2744 753 2790 797 1.
3074 732 3229 816 [ua.
3266 751 3310 793 1.

916 932 1141 975 nomen
1168 909 1460 974 invocavi.
1551 909 1691 980 Quo
1741 909 1859 972 fuit
1910 913 2075 972 totus
2126 907 2284 992 ignis
2336 906 2654 985 extinctus,
2686 905 2914 972 diaboli
2943 907 3211 992 plerique
3238 905 3303 968 in

909 997 1138 1061 diversa
1184 997 1451 1082 dissipati
1481 1018 1542 1060 se
1571 999 1731 1081 fugae
1759 995 2135 1059 mandarunt.
2224 994 2359 1078 Ego
2388 993 2641 1058 vinculis
2668 993 2870 1059 fractis
2897 993 3118 1060 illaesus
3147 992 3305 1058 evasi

909 1107 980 1148 eo
1011 1083 1250 1169 quidem
1278 1085 1343 1148 in
1385 1083 1612 1168 reliqua
1635 1091 1846 1148 eventa
1864 1081 2195 1160 audentior,
2226 1080 2383 1166 quod
2430 1081 2623 1166 primo
2666 1103 2991 1166 congressu
3020 1081 3150 1146 sine
3179 1079 3305 1146 ullo

907 1171 1180 1256 negoci0,
1211 1171 1452 1235 nomine
1478 1170 1726 1234 Domini
1755 1171 1955 1234 hostes
1986 1167 2437 1254 profligaverim.

995 1255 1052 1322 Ι.
1097 1257 1359 1322 Caurus
1405 1255 2353 1321 Cenchreum—Nihilominus
2382 1275 2506 1319 non
2550 1254 2729 1340 pauci
2785 1276 2989 1320 manes
3046 1255 3112 1321 in
3166 1257 3303 1322 aula

907 1351 1272 1422 manserunt,
1306 1345 1408 1429 qui
1438 1365 1534 1408 me
1561 1343 1700 1408 inde
1717 1347 2047 1428 rapuerunt
2072 1364 2177 1427 per
2198 1343 2311 1407 iter
2336 1340 2607 1426 longum,
2636 1341 2917 1426 vepribus
2944 1349 3005 1407 et
3034 1343 3301 1410 sentibus

907 1432 1314 1516 asperrimum,
1344 1429 1744 1508 tenebrosum,
1791 1429 2069 1514 malignis
2116 1426 2421 1516 spiritibus
2449 1428 2751 1506 refertum,
2782 1435 2845 1494 et
2871 1428 3155 1495 infestum
3198 1431 3299 1496 ad-

907 1541 1076 1582 verso
1103 1525 1283 1582 vento
1313 1528 1436 1582 tam
1487 1519 1697 1582 acriter
1742 1517 2008 1594 inflante,
2052 1521 2126 1580 ut
2174 1515 2323 1580 mibi
2374 1513 2614 1600 quidem
2648 1537 2827 1580 usum
2857 1516 3091 1580 aurium
3118 1518 3301 1583 inter-

907 1605 1119 1690 cipere,
1143 1627 1474 1690 corpusque
1495 1611 1802 1690 p'enetrare
1823 1603 2143 1668 videretur.
2195 1601 2351 1666 Cum
2372 1601 2447 1666 ad
2478 1601 2619 1667 solis
2639 1624 2914 1666 exorsum
2943 1625 3147 1668 versus
3174 1626 3298 1670 non

949 1713 1116 1756 arum
1145 1693 1655 1776 processissemus„
1685 1690 1849 1755 unde
1898 1713 2023 1754 non
2066 1687 2277 1776 procul
2304 1688 2509 1754 abesse
2560 1689 2721 1754 orbis
2750 1698 3079 1754 extremum
3122 1700 3297 1777 puta-

903 1713 1080 1843 bam:
1128 1779 1452 1864 querrellae,
1487 1779 1764 1863 gemitus,
1796 1784 1977 1862 atque
2024 1777 2203 1841 fletus
2254 1798 2328 1840 ex
2367 1775 2651 1860 proximis
2677 1775 2825 1840 locis
2877 1775 3122 1842 auribus
3150 1780 3297 1844 meis

904 1865 1277 1951 obstrepunt.
1365 1865 1554 1950 Cujus
1581 1865 1668 1928 rei
1697 1887 1935 1929 causam
1980 1885 2119 1928 cum
2162 1863 2439 1949 proprius
2518 1863 2871 1928 ervenissem
2920 1885 3053 1928 sum
3082 1863 3297 1930 clarius

903 1959 1199 2037 expertus,
1252 1951 1618 2016 lamentabili
1667 1958 1727 2016 et
1777 1950 2153 2015 maest-issimo
2206 1955 2439 2034 spectac
2507 1972 2542 2015 o
2580 1949 2659 2014 ob
2710 1948 2915 2014 oculos
2971 1953 3294 2036 proposito.

901 2039 1183 2123 Namque
1209 2039 1462 2124 ingressi
1505 2059 1712 2102 sumus
1763 2037 2046 2102 diffusum
2094 2043 2275 2122 atque
2317 2037 2793 2122 patentissimum
2822 2058 3097 2121 campum
3126 2038 3298 2124 cujus

899 2125 1122 2190 limites
1149 2125 1390 2190 videndi
1413 2125 1536 2190 acie
1565 2125 1902 2211 pertingere
1930 2147 2053 2188 non
2080 2132 2367 2209 poteram,
2397 2130 2595 2188 totum
2622 2123 2899 2188 incendio
2926 2123 3295 2210 flagrantem,

901 2218 1100 2278 totum
1172 2213 1437 2276 virorum
1481 2219 1542 2276 et
1613 2213 1987 2276 faeminarum
2029 2212 2207 2276 variis
2279 2209 2725 2276 conditionibus
2797 2211 3293 2296 copiosissimum.

905 2298 1145 2362 Horum
1173 2297 1430 2384 ploratu,
1477 2297 1772 2375 lamentiS,
1824 2297 2095 2363 dentium
2145 2298 2407 2376 studere,
2456 2295 2795 2384 planctibus
2822 2296 2991 2363 locus
3018 2297 3120 2364 ille
3162 2321 3295 2384 per-

903 2385 1173 2450 sonabat.
1259 2386 1393 2450 Nec
1423 2385 1682 2466 mirum3
1728 2383 2006 2472 jacebant
2052 2385 2209 2449 enim
2258 2385 2446 2463 humi,
2498 2384 2674 2470 proni
2718 2390 2780 2448 et
2808 2384 2976 2450 nudi.
3063 2385 3292 2452 Eorum

903 2471 1082 2556 pedes
1113 2479 1292 2556 atque
1321 2494 1553 2551 manus,
1583 2471 1786 2536 ferreis
1817 2471 2016 2550 clavis,
2050 2470 2441 2537 candentibus
2488 2471 2738 2536 torrenti
2766 2481 2938 2536 terrae
2966 2469 3291 2558 infigeban-

741 2555 878 2637 [24]
901 2565 1002 2622 tur
1020 2562 1073 2642 εΙΙ
1125 2559 1315 2624 dorsis
1343 2559 1654 2624 horribiles
1682 2559 1816 2624 visu
1845 2559 2129 2624 dracones
2170 2557 2527 2636 insidebant,
2558 2557 3012 2623 succubentium
3040 2562 3293 2626 cervices

899 2647 1102 2710 hiante
1159 2669 1280 2725 ore,
1356 2645 1755 2731 dentibusque
1808 2646 2174 2712 laniantibus
2230 2645 2529 2710 rodentes.
2642 2645 2906 2730 Agmina
2960 2647 3295 2731 frequentia

895 2732 1286 2798 Diabolorum
1309 2733 1535 2799 solicite
1554 2732 1755 2799 locum
1775 2732 2130 2812 lustrabant,
2160 2733 2406 2798 afflictos
2434 2729 2610 2796 soevis
2626 2729 2967 2797 verberibus
2984 2734 3288 2812 caedentis,

895 2821 1236 2906 eisdemque
1263 2823 1579 2907 praesentia
1607 2827 1669 2885 et
1719 2821 1977 2906 strepitu
2004 2842 2281 2907 pavorem
2310 2817 2681 2884 incutientia.
2770 2818 2870 2884 Ob
2899 2819 3062 2905 quod
3090 2821 3289 2887 miseri

897 2907 996 2972 alii
1027 2931 1198 2973 voces
1248 2909 1315 2973 in
1359 2907 1580 2973 aethera
1625 2906 2075 2972 diffundebant:
2122 2907 2223 2972 alii
2268 2928 2390 2992 prae
2442 2904 2643 2971 dolore
2694 2906 2888 2971 solum
2916 2906 3287 2973 mordebant.

895 2993 1154 3060 Easdem
1203 2995 1382 3060 etiam
1430 3017 1633 3081 paenas
1683 2994 1756 3059 de
1806 3015 1903 3059 me
1955 3015 2203 3072 sumere,
2255 2993 2373 3057 nisi
2418 2999 2737 3058 reverterer
2785 2989 3005 3058 diaboli
3046 2995 3289 3060 fuerunt

894 3081 1174 3145 minitati.
1263 3081 1416 3146 Cum
1445 3104 1586 3145 vero
1615 3103 1710 3145 me
1739 3080 1921 3145 clavis
1948 3080 2148 3144 fodere
2175 3086 2524 3159 tentassent,
2555 3079 2647 3145 fui
2674 3078 2953 3144 defensus
2980 3079 3085 3146 illa
3110 3082 3289 3148 verba

893 3165 1869 3318 ''epfffflgtssuiffitsstffissaffl
1898 3166 2164 3318 Βῖἒιῖἐῗ
2185 3165 2611 3318 Ξῗθὲῐιῖῃᾘθῑ
2625 3165 3117 3319 ffiiffissm
3160 3277 3261 3320 um

1059 3303 1072 3318 0
1171 3279 1212 3318 A
1870 3289 1976 3317 .--
2156 3301 2161 3310 .

895 3340 1068 3426 cujus
1089 3340 1488 3420 latitudinem,
1509 3339 1748 3424 quidem
1771 3338 2083 3404 oculorum
2099 3339 2327 3404 intuitu
2346 3339 2938 3424 comprehendebam,
2955 3277 3285 3427 longilt'udi:

895 3449 1034 3491 nem
1063 3433 1262 3492 tamen
1312 3449 1456 3506 non,
1484 3426 1727 3512 ignibus
1777 3427 1955 3491 etiam
2004 3427 2317 3505 torridum,
2347 3426 2870 3492 innumerabilium
2913 3450 3067 3514 pene
3096 3427 3285 3494 homi·

893 3535 1042 3577 num
1073 3537 1145 3579 ex
1175 3515 1349 3578 variis
1399 3512 1680 3600 gentibus
1730 3513 1995 3599 plenum,
2048 3513 2153 3598 qui
2206 3514 2383 3579 sicuti
2432 3514 2657 3600 priores
2705 3515 2907 3580 urenti
2948 3513 3076 3580 solo
3106 3516 3283 3582 clavis

891 3600 1430 3687 adstringebantur.
1539 3599 1797 3686 Insuper
1848 3599 1948 3665 alii
2014 3599 2130 3664 alio
2205 3601 2501 3665 cruciatus
2572 3623 2787 3686 genere
2844 3603 3005 3666 torti.
3124 3603 3191 3668 N
3191 3625 3285 3668 am

891 3686 1142 3753 aliorum
1191 3689 1416 3754 viscera
1465 3685 1890 3774 pungebantur
1935 3686 2193 3752 aculeis:
2239 3686 2370 3752 aliis
2420 3687 2755 3752 faedissimae
2804 3689 2939 3753 visu
2984 3698 3285 3775 serpentes

891 3773 1028 3838 colli
1077 3798 1256 3840 venas
1303 3783 1364 3842 et
1414 3776 1654 3840 arterias
1684 3774 2052 3853 scindebant,
2108 3773 2360 3839 aliorum
2402 3781 2641 3859 pectora
2688 3773 2944 3854 lacertae,
2991 3775 3287 3862 talpaeque

889 3860 1163 3926 ardentes
1192 3863 1376 3949 longo
1406 3867 1468 3927 et
1492 3869 1668 3927 acuto
1717 3868 1912 3926 rostro
1961 3861 2289 3940 fodiebant,
2320 3861 2617 3946 cordaque
2644 3884 2751 3948 per
2778 3861 3041 3928 lacerum
3070 3885 3285 3950 eorpus

890 3948 1317 4013 extrahebant:
1367 3949 1658 4015 daemonia
1714 3970 1923 4014 omnes
1970 3947 2368 4034 flagellabant.
2460 3947 2661 4019 Quare
2719 3957 2843 4015 tam
2900 3969 3156 4036 magnus
3216 3973 3283 4016 ac

887 4033 1162 4099 funestus
1209 4042 1333 4100 erat
1383 4036 1732 4100 miserorum
1779 4035 1999 4114 luctus,
2053 4057 2230 4120 quam
2277 4041 2477 4100 mente
2525 4041 2725 4122 potest
2783 4035 3035 4122 concipi.
3126 4035 3283 4104 Mihi

889 4141 1095 4186 manes
1125 4123 1431 4208 optionem
1481 4122 1730 4201 faciunt,
1761 4128 1966 4186 utrum
1996 4123 2124 4187 haec
2152 4127 2415 4188 extrema
2462 4123 2633 4201 ferre,
2682 4129 2787 4188 aut
2812 4121 3005 4188 redire
3034 4123 3287 4190 malim?

885 4207 988 4272 Ad
1017 4207 1179 4294 quod
1207 4231 1319 4295 ego
1347 4230 1551 4294 presso
1602 4233 1704 4274 ore
1749 4207 2058 4272 obmutui:
2105 4231 2361 4294 cumque
2408 4208 2498 4274 illi
2538 4232 2633 4274 me
2661 4207 2953 4295 supplicio
2982 4210 3281 4276 machina·

884 4301 1094 4360 rentur
1143 4296 1376 4374 afficire,
1431 4302 1652 4361 conatu
1696 4297 1941 4360 fuerunt
1983 4295 2215 4380 dejecti,
2263 4318 2361 4362 me
2412 4296 2453 4359 J
2454 4319 2563 4361 esu
2608 4319 2829 4362 nomen
2880 4296 3058 4362 solito
3118 4321 3283 4364 more

928 4383 1238 4448 roferente.

884 4403 926 4467 Ρ
973 4468 1101 4533 III.
1147 4469 1471 4536 Domuum
1536 4469 2025 4537 Caurus—Fui
2078 4468 2295 4535 ductus
2336 4469 2410 4534 *in
2468 4470 2651 4536 alium
2710 4491 2989 4556 campum
3046 4472 3280 4538 miseria

885 4552 1304 4642 doloribusque
1333 4557 1823 4624 funestissimum.
1912 4558 2061 4624 Erat
2106 4557 2192 4622 ibi
2236 4579 2306 4622 ea
2354 4557 2664 4622 hominum
2712 4559 2903 4644 copia,
2950 4580 3081 4643 quae
3110 4559 3277 4624 nullo

881 4647 1088 4706 nostro
1139 4643 1365 4708 calculo
1393 4647 1690 4712 numerari
1736 4653 1954 4732 potest.
2044 4643 2269 4708 Omnes
2314 4643 2483 4708 humi
2520 4645 2801 4729 prostrati
2850 4645 3055 4729 ignitis
3096 4645 3277 4712 clavis

879 4749 986 4812 per
1015 4735 1210 4793 totum
1239 4752 1454 4817 corpus
1496 4731 1957 4811 tra‘iciebantur,
2004 4753 2209 4796 vocem
2251 4750 2509 4810 raucam,
2537 4731 2928 4816 faucibusque
2955 4731 3275 4798 haerentem

879 4813 1162 4882 edentes:
1211 4818 1560 4902 quemadmo
1603 4841 1706 4884 um
1757 4821 1800 4883 ii
1852 4821 2041 4886 facere
2088 4817 2299 4896 solent,
2356 4816 2459 4902 qui
2508 4815 2723 4884 ultimo
2770 4819 2977 4884 mortis
3020 4820 3279 4886 transitu
