3634 5842
884 702 1006 763 220
1314 697 1734 764 o’sunnnvfflr
1765 716 2087 763 ms'roam
2116 716 2506 775 cunonem,
2548 715 2698 761 rou.
2744 715 2849 759 111.
2992 694 3149 777 [mn.
3182 714 3271 757 vr.

888 870 1184 936 decimum
1213 870 1494 955 quintum
1543 870 1720 949 diem,
1759 876 1821 936 et
1870 870 2034 935 brevi
2062 869 2375 935 Cornelius
2402 870 2477 936 ab
2507 867 2843 935 O'Donello
2873 868 3271 955 deprehensus

660 957 842 1029 [172.]
889 959 1104 1043 laqueo
1131 956 1642 1043 strangulatur.·¹·u
1693 958 1834 1023 Alia
1862 958 1959 1022 die
2002 956 2231 1043 pedites
2278 957 2511 1043 Anglos
2570 963 2705 1022 octo
2761 955 2933 1022 Luco
2972 954 3269 1039 lignatum

893 1066 1158 1129 egressos
1187 1043 1545 1109 Rothericus
1573 1044 1809 1110 duobus
1860 1043 2161 1130 equitibus
2212 1044 2529 1109 comitatus
2574 1042 2838 1123 offendit,
2870 1050 2931 1107 et
2958 1064 3271 1128 aggressus

894 1154 994 1197 sex
1016 1131 1324 1208 interimit,
1355 1138 1417 1195 et
1444 1154 1654 1210 unum,
1687 1132 1793 1218 qui
1840 1154 1903 1196 se
1952 1153 2079 1196 esse
2106 1131 2419 1196 Britonem
2449 1130 2701 1210 dicebat,
2730 1140 2971 1217 captum
3000 1129 3269 1195 dimittit.

895 1218 1181 1297 Octavus,
1213 1218 1318 1304 qui
1347 1220 1690 1283 tesserariae
1719 1218 1981 1283 cohortis
2032 1224 2176 1297 erat,
2220 1240 2439 1304 magna
2478 1218 2700 1283 virtute
2742 1217 3040 1303 praestitit,
3070 1239 3107 1281 a
3148 1216 3269 1281 Ro-

891 1305 1118 1371 therico
1149 1326 1304 1391 saepe
1361 1305 1532 1371 hasta
1587 1328 1924 1391 percussus,
1954 1310 2015 1369 et
2070 1305 2241 1370 humi
2267 1310 2619 1391 prostratae,
2646 1326 2872 1383 rursus,
2900 1303 3121 1369 fllaesus
3150 1304 3270 1369 cito

895 1391 1177 1477 surgebat
1203 1399 1402 1457 torace
1430 1391 1464 1456 ὸ
1481 1391 1686 1457 bubali
1704 1393 1864 1458 corio
1880 1391 2118 1457 madido
2137 1391 2431 1470 defensus,
2455 1398 2517 1457 et
2533 1393 2738 1456 stricto
2768 1390 2966 1477 gladio
2996 1390 3269 1455 Botheri-

893 1500 1031 1543 cum
1058 1480 1140 1543 im
1185 1477 1400 1559 etebat,
1454 1480 1510 1544 ei
1549 1502 1626 1545 ue
1672 1480 1737 1545 in
1787 1479 2031 1544 dextero
2080 1477 2322 1544 brachio
2374 1478 2669 1544 sexdecim
2712 1478 2870 1543 ictus
2916 1478 3185 1565 impegit,
3234 1501 3271 1543 a

891 1565 1110 1651 quibus
1233 1565 1496 1631 thericus
1509 1502 1721 1632 tioricae
1749 1567 1981 1632 manica
2007 1566 2125 1631 fuit
2144 1572 2468 1653 protectus,
2491 1566 2595 1651 qui
2623 1586 2761 1629 cum
2789 1565 2961 1630 hasta
2986 1565 3270 1651 fugientis

886 1650 922 1717 ὸ
949 1651 1226 1717 manibus
1247 1652 1436 1718 hostis
1465 1656 1819 1740 sanguinem
1847 1653 2147 1718 effundere
2192 1674 2315 1717 non
2364 1659 2584 1739 posset,
2614 1652 2806 1717 stricti
2832 1652 3015 1737 gladii
3044 1652 3269 1739 pericu-

883 1738 1015 1805 lum
1041 1740 1204 1820 facit,
1236 1760 1356 1826 quo
1386 1741 1563 1806 etiam
1591 1740 1760 1807 nullo
1786 1741 1971 1806 modo
1997 1740 2225 1806 corium
2275 1740 2477 1826 potuit
2498 1738 2781 1817 scindere,
2812 1740 2957 1804 corii
2985 1761 3060 1803 ne
3088 1739 3269 1802 firmi-

885 1833 1030 1906 tate,
1075 1829 1152 1892 an
1195 1828 1338 1893 artis
1379 1829 1626 1914 magicae
1667 1830 1926 1893 carmine
1969 1827 2262 1906 obstante,
2304 1828 2537 1913 ignoro.
2624 1826 2880 1911 Jamque
2930 1826 3271 1891 taeserarius

883 1914 1224 1999 proximum
1249 1914 1473 1979 flumen
1509 1921 1704 1980 tentat
1751 1914 2171 1980 transmittere.
2259 1914 2691 1979 Transeuntem
2746 1912 2933 1978 hastae
2978 1913 3107 1977 ictu
3149 1912 3267 1977 Ro-

884 2000 1148 2066 thericus
1178 2002 1409 2080 sternit,
1438 2007 1500 2066 et
1526 2002 1714 2067 hastae
1765 2002 1943 2067 dorso
1991 2002 2119 2087 ejus
2163 2002 2457 2087 impositae
2504 2001 2768 2065 innitens
2798 1999 2909 2065 sub
2939 2018 3093 2085 aqua
3122 1998 3267 2063 deti-

885 2088 1041 2165 nuit,
1074 2086 1264 2152 donec
1321 2110 1475 2173 aqua
1525 2087 1899 2153 submersum
1957 2088 2234 2173 spiritum
2290 2086 2589 2153 effundere
2646 2088 2923 2172 coegerit.
3010 2086 3269 2153 Phaselli

885 2180 1280 2239 commeatum
1309 2176 1590 2239 vehentes
1618 2174 1788 2240 Luco
1817 2174 2116 2241 Leffiriam
2160 2197 2267 2261 per
2305 2174 2502 2239 lacum
2531 2173 2762 2259 placido
2792 2196 2968 2239 cursu
2998 2173 3267 2238 deferun-

885 2266 1005 2325 tur.
1094 2260 1283 2325 Juxta
1312 2260 1631 2340 Leffiriam,
1661 2261 1768 2327 ubi
1817 2284 1881 2326 se
1931 2262 2095 2327 lacus
2138 2268 2417 2341 coarctat,
2448 2261 2740 2327 Catholici
2770 2266 3153 2339 concurrunt,
3198 2284 3269 2325 ex

884 2346 1032 2433 ripis
1080 2347 1376 2433 phasellos
1421 2347 1745 2413 missilibus
1789 2348 2127 2414 obruentes.
2214 2348 2453 2414 Leffiria
2495 2348 2839 2435 praesidium
2887 2346 2965 2413 ad
3007 2370 3269 2434 pugnam

884 2455 1187 2519 egressum
1213 2434 1280 2499 in
1309 2434 1596 2521 oppidum
1641 2434 2035 2521 compellitur.
2124 2435 2384 2501 Phaselli
2412 2457 2549 2500 cum
2592 2434 2851 2500 militum
2881 2436 3062 2513 victu,
3096 2434 3267 2499 vesti-

883 2526 1074 2607 tuque
1101 2522 1457 2608 capiuntur:
1505 2544 1624 2607 quo
1675 2522 1770 2587 die
1820 2522 2118 2607 regiorum
2162 2523 2339 2587 multi
2364 2521 2829 2589 succubuerunt.
2914 2521 3268 2587 Rothericus

885 2608 952 2673 in
980 2608 1200 2674 femore
1228 2608 1344 2673 fuit
1387 2608 1574 2694 pilula
1602 2608 1810 2675 leviter
1840 2609 2201 2676 vulneratus,
2291 2609 2417 2675 Sub
2446 2610 2561 2675 hoc
2602 2614 2724 2674 tem
2770 2632 2840 2674 us
2870 2607 3269 2679 O’Conchurt

889 2694 1180 2779 Sligachee
1209 2696 1501 2783 princeps,
1563 2697 1667 2781 qui
1723 2698 1790 2761 in
1848 2718 1977 2761 eam
2035 2697 2434 2784 suspicionem
2490 2632 2794 2761 nonnuliis
2836 2698 3020 2775 venit,
3080 2702 3150 2760 ut
3204 2696 3268 2759 in

887 2782 1293 2849 O'Donellum
1351 2783 1574 2869 aliquid
1630 2783 1773 2849 mali
1844 2783 2168 2862 moliretur,
2242 2783 2317 2849 ab
2387 2784 2519 2870 ipso
2590 2782 2877 2849 custodiae
2932 2781 3265 2847 mandatur.

889 2868 1310 2952 O'Docbarta‡
1344 2871 1500 2935 diem
1530 2869 1657 2935 obit
1692 2871 1934 2955 (vulnus
1981 2868 2317 2936 O'Donello
2358 2871 2668 2957 magnum)
2710 2869 3041 2936 Cathirium
3083 2869 3267 2934 filium

887 2978 1142 3041 puerum
1188 2958 1547 3043 relinquens,
1596 2959 1700 3043 qui
1751 2957 1917 3044 quod
1961 2957 2139 3022 rebus
2190 2958 2463 3044 gerendis
2528 2958 2770 3042 ineptus
2818 2964 2961 3035 erat,
3006 2955 3269 3021 Felmius

891 3041 1274 3109 O'Docharta
1302 3044 1565 3109 Inisonae
1616 3046 1890 3131 princeps
1934 3043 2008 3110 ab
2040 3043 2376 3110 O’Donello
2405 3053 2657 3109 creatur.
2746 3042 2883 3115 Qua
2912 3066 2975 3109 re
3003 3044 3267 3108 infensus

889 3128 1078 3213 Hugo
1128 3129 1377 3194 Gathirii
1425 3131 1733 3209 nutritius,
1785 3138 1847 3194 et
1888 3138 2100 3197 caetera
2147 3131 2326 3197 factio
2369 3131 2443 3197 ab
2494 3128 2830 3197 O’Donello
2881 3130 3267 3197 desciscentes

887 3214 1165 3279 Beartam
1193 3238 1386 3281 arcem
1415 3217 1676 3281 Inisonae
1705 3218 2073 3303 principatus
2100 3224 2282 3303 caput
2310 3218 2524 3304 Anglis
2551 3218 2817 3283 tradunt.

976 3301 1018 3365 J
1019 3324 1116 3366 am
1145 3300 1536 3382 O’Donellus,
1567 3304 1630 3367 in
1661 3324 1905 3389 magnas
1956 3306 2261 3389 angustias
2304 3314 2428 3371 erat
2457 3304 2746 3370 deductus
2794 3304 2983 3384 LucO,
3013 3302 3265 3385 Leffiria,

889 3393 949 3453 et
976 3388 1224 3454 Inisona
1253 3391 1500 3467 amissis,
1533 3388 1964 3468 O’ConchuriS,
1984 3412 2159 3475 quem
2178 3399 2418 3478 captum
2447 3391 2706 3471 tenebat,
2736 3392 2954 3457 auxilio
2986 3392 3269 3472 defectus,

887 3482 948 3539 et
999 3475 1360 3542 Connachtis
1411 3476 1716 3556 militibus,
1770 3500 1921 3563 quos
1972 3478 2360 3563 stipendiatos
2407 3477 2681 3557 habebat,
2722 3478 3013 3543 seditiosis
3054 3486 3119 3544 et
3146 3502 3269 3544 non

891 3564 1032 3628 satis
1094 3562 1661 3650 obtemperantibus.
1748 3564 1974 3629 Tamen
2020 3564 2328 3631 Inisonam
2371 3566 2619 3643 invadit,
2649 3565 2755 3630 ubi
2798 3565 3059 3631 cathirii·
3094 3566 3271 3632 factio

886 3672 1163 3736 magnam
1190 3656 1592 3717 armentorum
1641 3651 1764 3717 vim
1814 3651 2076 3717 Binnine
2124 3652 2256 3718 loco
2305 3659 2537 3732 natura,
2567 3659 2628 3716 et
2656 3659 2889 3717 vetusta
2917 3654 3267 3731 munitione,

885 3738 1119 3804 munito
1171 3738 1413 3804 claudit.
1504 3738 1688 3803 Illum
1740 3736 2113 3805 O'Donellus
2164 3762 2521 3827 expugnare,
2581 3738 2909 3805 Cathiriani
2958 3739 3269 3805 defendere

884 3825 1284 3889 constituunt.
1371 3824 1702 3891 Connachti
1734 3826 2055 3891 O'Donelli
2078 3827 2251 3912 jussu
2277 3829 2343 3892 in
2365 3828 2557 3912 primo
2587 3826 2821 3912 agmine
2851 3828 3135 3893 constitui
3164 3848 3267 3891 no-

879 3909 1142 3977 luerunt.
1226 3912 1690 3978 Tirconellorum
1721 3913 1933 3978 cohors
1982 3914 2173 4000 primo
2222 3914 2355 3980 loco
2406 3914 2691 4001 disposita
2717 3914 2782 3978 in
2831 3915 3267 3981 munimentum

879 3997 1196 4084 irnmpit3
1243 4021 1420 4084 quam
1471 3998 1807 4065 Connachti
1858 3999 2103 4065 minime
2144 4008 2495 4088 sequuntur.
2584 3999 2681 4065 Ob
2734 4000 2896 4085 quod
2942 4024 3011 4066 ea
3058 4000 3266 4067 cohors

879 4084 1235 4151 Cathirianis
1263 4108 1512 4150 numero
1529 4085 1774 4151 minime
1790 4110 1916 4186 par,
1934 4086 2143 4152 multis
2160 4088 2477 4175 glandibus
2500 4085 2731 4165 obruta,
2754 4095 2816 4151 et
2832 4090 3045 4174 partim
3078 4087 3268 4152 deleta

879 4194 952 4237 ex
973 4172 1156 4238 altera
1184 4174 1540 4238 munimenti
1568 4179 1734 4260 parte
1761 4196 1863 4237 vix
1890 4174 2093 4239 evasit.

966 4260 1220 4325 Interim
1247 4262 1442 4347 Asper
1469 4260 1712 4346 ingente
1741 4260 2089 4325 Tirconelloe
2116 4261 2483 4347 principatus
2516 4260 2792 4348 cupidine
2820 4262 3078 4347 flagrans
3107 4258 3265 4325 haud

949 4480 972 4505 '¹
1011 4476 1167 4531 Four
1193 4476 1450 4543 Masters,
1473 4495 1526 4549 p.
1567 4480 1728 4541 2217,
1751 4478 1875 4533 who
1920 4480 2172 4543 exclaim‚
2196 4484 2233 4515 “
2254 4480 2391 4535 Woe
2428 4468 2473 4535 is
2520 4500 2625 4547 me,
2650 4482 2771 4535 that
2797 4482 2947 4535 these
2971 4481 3165 4537 heroes
3202 4482 3265 4534 of

879 4548 1047 4602 Kinel
1073 4547 1302 4603 Gonnell
1326 4566 1468 4602 were
1507 4557 1606 4603 not
1643 4550 2015 4619 united—for,
2044 4552 2201 4607 while
2244 4552 2371 4625 they
2414 4553 2691 4608 remained
2715 4570 2793 4615 so,
2820 4552 2947 4627 they
2986 4570 3131 4608 were
3164 4560 3261 4607 not

877 4618 1138 4673 banished
1156 4620 1300 4673 from
1324 4618 1470 4672 their
1495 4620 1802 4676 territorias
1828 4624 1875 4677 Γ·

947 4693 976 4757 †
1015 4689 1170 4743 Four
1195 4690 1454 4754 Masters,
1477 4707 1532 4763 p.
1563 4694 1721 4747 2249.

947 4762 978 4829 ss
1017 4760 1171 4814 Four
1198 4760 1454 4824 Masters,
1475 4778 1528 4832 p.
1557 4765 1714 4821 22:37.
