3634 5842
383 732 522 779 car.
555 717 731 801 nin]
1143 738 1414 784 insama
1443 741 1562 785 sun
1592 741 2009 789 mmmmm.
2644 730 2769 793 109

377 910 650 955 reversus
677 890 742 955 in
777 888 1144 957 Eljzabethae
1189 914 1426 979 quoque
1455 894 1680 980 reginae
1706 900 1944 981 tempus
1986 894 2217 962 incidit.
2294 897 2447 968 ‘Quo
2475 898 2577 964 vix
2606 899 2771 965 credi

375 983 596 1061 potest,
630 984 922 1063 quantum
953 1000 1154 1065 operoe
1201 988 1408 1046 contra
1449 981 1702 1047 haereses
1744 983 2064 1048 contulerit
2106 984 2530 1065 concienandO,
2575 1009 2768 1052 sacra-

375 1121 610 1184 ratione,
633 1120 758 1177 illos
783 1122 1166 1191 convincimus,
1190 1141 1300 1178 non
1323 1124 1450 1179 alia.
1524 1124 1672 1179 Nam
1705 1133 1760 1180 et
1781 1125 1885 1198 ipsi
1911 1127 2209 1182 ostendunt
2231 1145 2288 1181 se
2322 1128 2489 1183 fuisse
2526 1136 2771 1194 vocatos,

377 1193 600 1256 electos,
625 1201 991 1256 consecratos,
1015 1194 1246 1261 missos;
1280 1196 1452 1268 igitur
1477 1197 1522 1251 si
1563 1197 1622 1251 in
1665 1215 1874 1251 canone
1918 1198 2133 1253 dicatur
2176 1206 2391 1253 tantum
2426 1208 2465 1236 “
2482 1219 2517 1254 a
2542 1200 2769 1256 Christo

377 1263 717 1331 institutos,''
760 1264 888 1318 hinc
925 1264 1212 1335 inferrent,
1253 1268 1572 1323 electionem
1613 1268 1736 1323 fieri
1769 1275 2032 1341 tanquam
2071 1288 2139 1325 ex
2182 1272 2331 1337 nudo
2380 1272 2770 1336 instrumento,

380 1336 526 1405 quod
549 1354 596 1391 se
633 1336 758 1390 uale
781 1336 855 1390 sit
877 1336 934 1390 in
957 1337 1225 1402 omnibus,
1259 1345 1374 1393 tam
1399 1340 1566 1411 regis,
1627 1357 1757 1395 uam
1779 1358 1950 1411 papoe.
1985 1345 2064 1395 3⁰.
2134 1340 2227 1395 uia
2250 1342 2296 1399 si
2312 1341 2627 1410 jurisdictio
2647 1350 2771 1398 tota

382 1413 525 1460 esset
546 1425 581 1460 a
663 1424 748 1471 eo,
785 1425 896 1461 non
936 1418 1118 1480 posset
1141 1413 1338 1482 (papa)
1362 1410 1512 1465 illam
1548 1358 1766 1478 tollere,
1809 1428 1910 1465 nec
1952 1420 2107 1466 trans
2132 1429 2256 1465 erre
2297 1412 2356 1465 in
2398 1414 2585 1477 alium,
2624 1415 2772 1469 sicut

380 1495 489 1531 non
511 1485 694 1549 potest
715 1480 1006 1550 prohibere
1029 1490 1426 1549 consecratum,
1446 1501 1514 1536 ne
1538 1482 1776 1544 ordinet,
1801 1490 1900 1536 aut
1922 1483 2174 1537 conficiat
2200 1482 2627 1539 Eucharistiam.

451 1558 490 1583 “
513 1550 648 1612 Quae
667 1551 983 1616 sententia,'’
1007 1552 1144 1606 adds
1169 1552 1264 1607 the
1288 1552 1575 1617 historian,
1613 1558 1652 1589 “
1671 1553 1921 1607 omnibus
1944 1555 2163 1627 placere
2186 1554 2420 1608 maxime
2444 1555 2559 1609 visa
2581 1555 2745 1611 suits·

455 1619 636 1679 When
660 1621 754 1675 the
781 1622 1045 1677 Gardinal
1087 1625 1156 1678 de
1193 1624 1466 1679 Lorraine
1507 1624 1893 1697 subsequently
1917 1625 2193 1696 proposed
2228 1632 2340 1678 two
2382 1642 2585 1680 canons
2617 1632 2677 1681 to
2698 1627 2773 1680 be

379 1692 714 1747 substituted
738 1693 826 1747 for
850 1694 946 1749 the
971 1694 1094 1749 VII
1118 1712 1312 1758 canon,
1337 1696 1431 1750 the
1455 1696 1664 1769 legates
1685 1696 1743 1749 in
1765 1694 2039 1769 rejecting
2062 1696 2213 1751 them
2237 1696 2345 1751 cite
2380 1714 2581 1769 among
2604 1698 2767 1753 other

289 1770 294 1775 “
379 1780 620 1830 reasons,
645 1766 740 1819 the
763 1774 1060 1835 argument
1081 1765 1147 1819 of
1162 1768 1258 1820 the
1283 1766 1492 1839 Bishop
1517 1767 1584 1821 of
1600 1767 1863 1837 Achonry
1880 1785 1971 1822 :—

453 1840 486 1865 “
505 1836 754 1898 Quarto:
793 1836 1050 1907 quoniam
1074 1838 1235 1892 multi
1259 1845 1388 1892 sunt
1411 1838 1674 1901 haeretici,
1707 1838 1800 1923 qui
1819 1845 2070 1892 asserunt
2092 1855 2286 1893 eorum
2309 1838 2591 1910 episcopos
2616 1856 2767 1895 crea-

377 1913 464 1959 tos
489 1924 523 1960 a
543 1907 783 1979 regibus,
806 1917 906 1963 aut
943 1907 1374 1981 magistratibus,
1408 1918 1506 1963 aut
1540 1910 1797 1975 ecclesiis,
1840 1926 1955 1963 esse
1996 1908 2269 1981 legitimos
2307 1910 2604 1981 episcopos,
2642 1928 2769 1965 cum

378 1978 680 2049 episcopale
703 1997 902 2034 munus
926 1980 1000 2034 sit
1023 1998 1058 2034 a
1083 1979 1308 2035 Christo
1328 1981 1665 2045 institutum,
1689 1988 1748 2035 et
1767 1980 1827 2033 in
1852 1996 2044 2035 eorum
2069 1981 2335 2035 electione
2368 1989 2621 2035 versetur
2646 1989 2769 2036 tan-

375 2056 494 2102 tum
515 2050 726 2103 nudum
749 2051 1128 2107 ministerium.
1182 2052 1290 2115 Qui
1310 2070 1468 2107 error
1485 2052 1656 2124 magis
1671 2051 2030 2106 confirmatur
2052 2052 2157 2105 hoc
2183 2069 2408 2114 canone,
2434 2069 2559 2106 cum
2584 2058 2767 2108 totum

377 2137 512 2191 opus
555 2121 780 2177 Christo
804 2123 1105 2189 tribuatur,
1130 2140 1230 2177 nec
1255 2123 1369 2178 ulla
1401 2124 1498 2178 fiat
1532 2123 1736 2177 mentio
1771 2140 1943 2195 papie,
1969 2124 2117 2193 quod
2138 2140 2313 2195 nuper
2338 2124 2503 2177 etiam
2527 2124 2768 2178 advertit

373 2190 430 2243 in
466 2194 888 2265 congregatione
929 2194 1232 2266 Episcopus
1275 2195 1608 2250 Hibernicus
1645 2195 1875 2266 loquens
1917 2194 1985 2249 de
2020 2194 2213 2266 regina
2252 2194 2487 2266 Angues,
2526 2212 2645 2266 quae
2686 2196 2771 2250 ita

372 2262 789 2320 ratiocinatur.’'

447 2333 505 2387 It
525 2352 650 2407 may
674 2336 742 2391 be
766 2336 1030 2391 observed
1051 2336 1202 2400 here,
1237 2337 1359 2392 that
1383 2338 1476 2391 the
1497 2343 1691 2408 report
1715 2336 1781 2391 of
1798 2336 1893 2391 the
1917 2335 2130 2407 Bishop
2155 2336 2220 2390 of
2236 2337 2463 2392 Achonr
2502 2338 2542 2390 ’s
2564 2344 2692 2392 vote
2716 2337 2765 2391 is

372 2404 468 2459 the
490 2422 654 2473 same,
676 2408 832 2462 word
852 2407 944 2461 for
966 2408 1139 2471 word,
1162 2409 1218 2461 in
1242 2409 1336 2462 the
1360 2408 1442 2462 Le
1462 2408 1594 2463 Plat
1616 2408 1724 2463 and
1746 2408 1803 2461 in
1826 2408 2162 2463 Mendham’s
2182 2407 2389 2461 edition
2409 2426 2441 2461 o
2491 2408 2765 2473 Paleotto,

371 2475 510 2530 with
532 2477 628 2531 the
651 2496 783 2550 very
804 2479 1147 2533 remarkable
1170 2479 1456 2552 exception
1494 2480 1560 2535 of
1593 2480 1690 2532 the
1713 2479 1869 2532 word
1892 2482 2090 2551 (papa)
2114 2478 2293 2533 which
2318 2479 2433 2533 Mr.
2462 2478 2764 2534 Mendham

371 2545 534 2601 omits
555 2568 574 2615 ς
611 2566 682 2603 an
708 2549 962 2603 omission
986 2549 1165 2603 which
1188 2551 1436 2622 destroys
1459 2550 1555 2604 the
1652 2550 1735 2602 int
1758 2550 1825 2603 of
1851 2548 1945 2602 the
1971 2556 2281 2620 argument,
2305 2550 2415 2603 and
2440 2550 2563 2618 (the
2587 2550 2765 2620 impu»

371 2618 543 2672 dence
567 2617 632 2671 of
651 2619 764 2673 Mr.
794 2619 1134 2673 Mendham's
1158 2620 1376 2692 preface
1411 2621 1562 2675 consi
1600 2620 1758 2689 ered)
1784 2620 2097 2674 diminishes
2122 2637 2225 2673 our
2250 2620 2565 2674 confidence
2586 2621 2645 2674 in
2679 2621 2765 2675 his

367 2686 716 2743 faithfulness
736 2698 798 2744 to
821 2690 907 2743 his
927 2697 1066 2744 text.

448 2757 626 2813 Other
649 2768 808 2815 votes
833 2761 899 2814 of
913 2760 1008 2814 the
1033 2760 1180 2814 Irish
1219 2760 1455 2832 Bishops
1491 2778 1586 2815 are
1627 2760 1913 2826 recorded,
1936 2760 2041 2815 but
2062 2760 2159 2814 the
2182 2778 2368 2815 names
2393 2760 2459 2814 of
2473 2761 2621 2815 their
2646 2762 2767 2817 dio-

374 2830 1338 2957 5325251222323522b10¹23322st2
1363 2830 2769 2973 02¹3}‘'0222232020330‘22332222221‘32232‘233

1224 2938 1244 2967 5
2308 2934 2331 2947 ‘
2610 2942 2631 2970 ³

409 2989 476 3027 ro
550 2974 647 3027 sed
662 2992 756 3029 :—
2084 3012 2095 3039 .

373 2990 408 3043 p
448 2990 560 3099 “pgi
585 3045 932 3116 imperatoris
955 3052 1052 3099 aut
1074 3044 1386 3115 reipublicae
1405 3043 1494 3098 cui
1512 3042 1788 3114 subjectus
1811 3051 1913 3107 est,
1933 3044 2216 3099 occasione
2233 3044 2434 3115 aliqua,
2457 3062 2567 3100 non
2585 3052 2767 3101 tamen

377 3114 865 3171 administrationis
889 3116 1265 3187 mcipiendae,
1288 3125 1386 3170 aut
1408 3116 1648 3170 muneris
1673 3114 1906 3185 alicujus
1966 3115 2134 3170 ublici
2206 3115 2435 3169 rivative
2459 3116 2589 3170 alibi
2614 3135 2769 3172 exer-

378 3187 536 3240 cendi
560 3205 728 3243 causa
749 3187 818 3241 ab
842 3188 1070 3243 ecclesia
1096 3190 1245 3257 (sua)
1271 3195 1590 3241 amoveatur
1609 3188 1659 3239 :”
1696 3205 1766 3241 on
1802 3134 1982 3241 whiez
2026 3205 2095 3242 an
2170 3187 2287 3241 rish
2328 3186 2539 3259 Bishop
2578 3188 2763 3243 voted.

378 3255 454 3310 N.
485 3257 1021 3331 Hibernua—placet
1043 3258 1139 3313 illa
1175 3276 1340 3313 causa
1355 3259 1604 3331 apposita
1624 3258 1682 3311 in
1706 3257 1946 3315 decreto.
2023 3258 2133 3314 Est
2154 3259 2519 3313 necessarium
2543 3266 2607 3313 ut
2629 3278 2765 3332 pre-

377 3328 478 3383 lati
501 3330 759 3385 intersint
781 3331 837 3384 in
862 3330 1104 3385 conciliis
1128 3348 1321 3403 regum
1345 3338 1404 3385 et
1424 3330 1755 3401 principum,
1780 3330 1913 3384 alias
1946 3338 2131 3385 actum
2155 3337 2297 3384 esset
2322 3329 2389 3384 de
2413 3330 2678 3403 religione
2702 3332 2761 3386 in

376 3400 564 3457 multis
585 3403 788 3475 regnis.
827 3400 978 3456 Nam
1000 3402 1058 3456 in
1084 3401 1356 3456 Hibernia
1373 3418 1500 3455 cum
1517 3408 1776 3475 ageretur
1795 3401 2085 3457 concilium
2108 3402 2313 3472 reginae
2338 3400 2549 3465 Mariae,
2574 3412 2631 3456 et
2656 3404 2767 3457 duo

377 3474 771 3529 contenderent
795 3475 862 3528 de
885 3474 1220 3545 episcopatu,
1242 3472 1384 3528 alter
1423 3472 1761 3536 Catholicus,
1802 3473 1944 3527 alter
1968 3473 2279 3541 haereticus,
2305 3471 2445 3526 dixit
2468 3474 2768 3528 advocatus

379 3542 671 3608 Catholici,
711 3545 1086 3600 adversarium
1124 3561 1238 3599 esse
1278 3543 1654 3615 repellendum
1695 3544 1823 3615 quia
1864 3544 2104 3598 obtinuit
2144 3544 2517 3627 episcopatum
2558 3562 2594 3597 a
2632 3562 2767 3615 rege

377 3615 722 3671 schismatico
748 3616 996 3670 Henrico
1021 3616 1212 3683 V111;
1251 3622 1384 3669 tunc
1408 3615 1594 3669 statim
1634 3614 1881 3687 praefecti
1918 3614 2143 3670 consilio
2176 3614 2571 3683 judicaverunt
2610 3614 2765 3668 illum

375 3704 532 3740 reum
555 3706 672 3743 esse
692 3689 832 3742 laesae
855 3687 1174 3757 majestatis.
1252 3685 1358 3740 Ille
1381 3685 1680 3758 respondit,
1705 3704 1845 3757 rogo
1880 3692 1947 3739 ut
1968 3703 2055 3739 me
2079 3685 2349 3739 audiatis:
2387 3702 2514 3738 nam
2537 3684 2583 3739 si
2609 3684 2766 3739 Hen-

378 3757 526 3811 ricus
549 3758 658 3815 fuit
685 3758 1006 3814 catholicus
1031 3774 1246 3811 necesse
1263 3765 1347 3811 est
1365 3764 1431 3811 ut
1451 3757 1644 3828 regina
1666 3756 1738 3810 sit
1762 3756 2108 3809 schismatica
2130 3761 2227 3809 aut
2252 3772 2282 3808 e
2307 3761 2502 3810 contra
2521 3776 2539 3823 ς
2578 3756 2649 3810 eli
2691 3757 2767 3812 ’te

378 3844 512 3913 ”⁸⁰
550 3839 740 3956 ”tium
783 3829 979 3884 Ἐπ’·
1052 3828 1210 3953 Τῗο
1283 3827 1511 3952 ‘aefoe‘it’
1549 3827 1710 3952 ἓξὲξ
1711 3826 1980 3950 Ἓξῗῗῑοῗ
1981 3825 2500 3968 ¹353b22⁸⁰ss132¹351
2513 3827 2769 3953 &5233

379 3916 408 3953 e
446 3918 558 3957 isco
597 3922 632 3957 a
655 3920 750 3956 um
775 3916 1134 3955 concesserim
1317 3916 1393 3953 aec
1425 3916 1484 3953 es

377 3918 596 4029 ῐὶιέιυοιιξ
605 3973 644 4027 J
645 3974 761 4027 uris
783 3971 1004 4037 Divini3
1031 3988 1142 4025 non
1165 3969 1294 4041 quia
1315 3987 1425 4024 non
1449 3968 1680 4023 sentiam
1703 3968 1786 4022 ita
1807 3984 1942 4030 esse,
1967 3969 2063 4022 sed
2085 3985 2154 4021 ne
2172 3966 2416 4021 haeretici
2441 3967 2643 4034 dicant,
2665 3970 2769 4024 hac

377 4052 536 4100 tenus
560 4045 841 4116 episcopos
866 4043 960 4113 qui
983 4040 1356 4095 interfuerunt
1380 4039 1622 4095 consiliis
1647 4038 1959 4112 principum
1981 4038 2149 4093 fuisse
2172 4039 2229 4092 in
2262 4046 2489 4110 peccato
2524 4040 2770 4105 mortali,

376 4127 441 4172 ut
475 4116 616 4171 dixit
639 4124 830 4171 orator
854 4113 1030 4185 Regis
1055 4112 1356 4167 Poloniae.''

449 4187 794 4243 Immediatel
868 4184 1012 4239 after
1051 4183 1145 4237 the
1225 4181 1498 4253 receding,
1557 4181 1788 4236 another
1850 4180 1997 4235 Irish
2040 4181 2211 4238 Bisho
2291 4186 2447 4236 votes
2489 4182 2613 4236 that
2670 4182 2767 4237 the

380 4260 560 4314 divine
600 4260 705 4313 law
739 4276 776 4312 ο
843 4255 1123 4311 residence
1157 4271 1182 4308 s
1223 4254 1370 4337 ould'
1397 4253 1466 4306 be
1504 4253 1759 4311 declat-ed
1782 4253 1853 4324 by
1876 4252 1972 4307 the
1992 4252 2256 4337 'Comici--
2333 4250 2609 4337 Howpver
2632 4253 2727 4307 the

379 4326 1102 4465 312{2¹,¹2}‘213¹ffi⁶1'22‘¹252¹25¹²
1075 4343 1224 4451 512}
1239 4324 1602 4462 θῗιᾱὶὶἳῗίἐζῖ,
1611 4325 1813 4450 ‘m
1815 4324 2191 4449 22:2⁸3&ss
2209 4323 2684 4465 saiwats.
2742 4324 2764 4379 ¹

454 4474 543 4531 On
567 4473 662 4527 the
685 4470 1046 4526 reformation
1070 4468 1137 4521 of
1151 4467 1246 4521 the
1269 4467 1463 4521 abuses
1492 4466 1547 4519 in
1573 4466 1668 4520 the
1709 4473 2018 4520 sacrament
2042 4466 2109 4518 of
2124 4466 2337 4526 orders,
2360 4482 2395 4517 a
2418 4482 2611 4532 canon,
2638 4466 2760 4535 (the

383 4544 486 4615 V.)
513 4562 622 4598 was
644 4542 935 4615 proposed,
958 4538 1302 4613 prescribing
1336 4536 1432 4591 the
1457 4538 1851 4608 qualifications
1876 4552 2159 4607 necessary
2176 4536 2265 4589 for
2290 4535 2565 4608 receiving
2587 4537 2757 4607 them,

382 4634 450 4669 on
476 4614 656 4671 which
681 4632 750 4669 an
769 4613 913 4667 Irish
935 4612 1142 4683 Bishop
1166 4609 1420 4664 observes
1435 4630 1526 4660 :—-
1989 4677 2001 4689 ·
2080 4676 2093 4691 ι
2213 4616 2225 4625 ·

451 4696 489 4721 “
507 4688 568 4741 ln
594 4686 785 4757 quinto
828 4684 972 4738 corri
1047 4691 1179 4737 ntur
1209 4680 1372 4751 juges
1416 4678 1616 4732 abusus
1641 4678 1698 4731 in
1739 4675 2231 4745 nominationibus3
2274 4694 2403 4731 nam
2441 4678 2765 4751 plerumque

381 4766 504 4827 post
525 4755 950 4812 nominationem
997 4763 1176 4809 actam
1200 4750 1464 4806 nominati
1489 4749 1745 4804 videntur
1781 4747 1927 4821 negli
2030 4765 2061 4801 e
2096 4748 2485 4820 expeditiones,
2510 4759 2567 4803 et
2589 4752 2763 4821 perci-

379 4828 534 4897 piunt
573 4827 794 4882 interim
833 4826 1049 4880 fructus
1090 4843 1190 4897 per
1215 4839 1522 4885 economos,
1537 4829 1592 4875 et
1617 4820 1883 4893 paulatim
1902 4837 1935 4873 o
1972 4825 2175 4891 repunt
2190 4819 2354 4875 etiam
2378 4820 2435 4873 in
2460 4821 2767 4893 spiritualia
