3634 5842
819 676 940 739 126
1247 678 1666 743 o'suLstAm
1705 696 2023 745 merom
2066 694 2459 756 cunonem,
2490 697 2643 744 mu.
2676 698 2752 743 11.
2940 679 3103 763 [us.
3136 700 3225 746 ιν.

817 844 949 909 rine
977 842 1192 909 ultimo
1223 843 1518 929 supplicio
1569 844 1815 910 afficere.
1906 842 2103 909 Veriti
2141 848 2361 921 autem,
2402 862 2481 907 ne
2550 840 2767 928 opulus
2796 841 2873 908 ad
2901 843 3233 909 tumultum

821 930 1241 1010 concitaretur,
1273 936 1454 1016 atque
1482 938 1784 1017 pastorem
1813 932 1853 996 ὲ
1878 952 2025 996 nece
2052 930 2323 1015 eriperet,
2356 928 2409 993 si
2436 862 2634 1015 pallim
2666 928 3015 1015 civibusque
3044 929 3233 996 scien-

820 1016 986 1083 tibus
1023 1022 1180 1083 esset
1224 1017 1687 1098 interficiendus,
1736 1038 1983 1083 suorum
2028 1015 2307 1096 militum,
2354 1021 2646 1081 tortorum
2654 1034 2771 1101 que
2821 1016 3071 1082 sentina}
3118 1017 3231 1081 im-

822 1112 1052 1192 perant,
1083 1108 1155 1167 ut
1183 1104 1536 1169 Antistitem
1563 1126 1796 1170 summo
1826 1127 2000 1170 mane
2029 1108 2167 1169 ante
2196 1102 2337 1169 solis
2364 1108 2657 1181 exortum,
2686 1102 2959 1169 nondum
2987 1103 3221 1168 civibus

821 1190 1175 1278 experrectis
1203 1196 1370 1256 extra
1396 1190 1608 1257 urbem
1649 1213 1816 1257 carro
1848 1197 2087 1257 vectum
2112 1186 2281 1255 furca
2308 1188 2697 1275 suspendant.
2742 1189 2899 1255 Cum
2926 1190 3015 1255 ita
3039 1190 3219 1255 ferre-

825 1284 945 1357 tur,
975 1283 1360 1342 occurrerunt
1386 1276 1476 1343 illi
1504 1300 1578 1343 ex
1623 1277 1904 1344 omnibus
1954 1274 2265 1363 oppidanis
2310 1264 2431 1341 duo
2460 1281 2719 1357 tantum,
2748 1282 2812 1341 et
2840 1278 3068 1342 amicus
3100 1278 3235 1363 qui-

828 1364 965 1431 dam
995 1364 1102 1449 qui
1129 1384 1362 1429 summa
1389 1386 1530 1450 erga
1557 1386 1698 1431 eum
1724 1364 1843 1431 fide
1870 1365 2084 1444 fuerat,
2129 1362 2376 1449 ejusque
2426 1362 2791 1449 singularem
2825 1386 3029 1431 curam
3058 1362 3133 1429 ab
3163 1386 3235 1429 eo

827 1458 1116 1535 tempore,
1137 1469 1258 1536 quo
1275 1450 1394 1515 fuit
1410 1452 1672 1537 primum
1693 1458 1924 1539 eaptus,
1958 1450 2265 1529 habuerat,
2277 1468 2533 1535 eumque
2563 1449 2943 1517 comitantur.
2988 1451 3233 1516 Archio-

871 1538 1109 1623 iscopus
1138 1536 1458 1623 antequam
1501 1538 1568 1604 in
1611 1536 1953 1624 patibulum
1978 1538 2097 1603 fuit
2125 1536 2336 1615 elatus,
2368 1536 2541 1601 amici
2569 1558 2815 1602 manum
2844 1558 2955 1602 sua
2982 1538 3234 1623 prehen-

829 1560 998 1705 dens,
1029 1630 1090 1689 et
1117 1624 1350 1690 fortiter
1393 1626 1710 1711 stringens,
1741 1624 1955 1711 palmae
1988 1621 2310 1697 ,indelebile
2359 1623 2552 1688 crucis
2602 1624 2845 1708 signum
2890 1624 3086 1691 colore
3134 1646 3237 1691 ru·-

832 1710 1030 1790 brum,
1059 1711 1280 1797 pignus
1327 1712 1510 1777 animi
1555 1712 1877 1797 gratissimi
1922 1734 2064 1799 erga
2103 1710 2457 1777 fidissimum
2500 1710 2775 1790 amicum,
2806 1732 3027 1791 rarum,
3058 1717 3239 1798 atque

835 1804 1110 1864 sanetum
1157 1798 1362 1879 fertur,
1409 1798 1792 1884 impressisse.
1884 1798 2058 1864 mico
2108 1795 2381 1863 vimineae
2428 1798 2605 1862 restis
2646 1796 2861 1883 laqueo
2914 1819 3239 1885 suspensus

839 1883 1004 1950 brevi
1055 1885 1370 1965 cruciatur,
1423 1894 1486 1951 et
1532 1895 1724 1951 morte
1773 1886 2016 1972 praemia
2064 1890 2285 1950 aeterna
2334 1883 2401 1949 in
2450 1882 2595 1949 oaelo
2638 1884 2756 1948 fuit
2797 1884 3053 1971 adeptus
3079 1908 3239 1951 anno

837 1970 1088 2037 Domini
1114 1971 1447 2052 millesimo,
1479 1973 1958 2060 quingentesimo
2006 1972 2370 2059 octogesimo
2400 1976 2633 2056 quarto,
2664 1972 2914 2057 septimo
2945 1971 3039 2037 die
3068 1971 3111 2036 J
3112 1972 3241 2037 unii

839 2058 1132 2124 mensiss'*
1211 2056 1397 2124 Fama
1441 2065 1552 2137 est,
1581 2057 1845 2125 nobilem
1890 2058 2191 2125 foeminam
2236 2058 2273 2123 ὲ
2316 2057 2474 2123 malo
2521 2057 2807 2136 daemone,
2838 2078 2959 2144 quo
2988 2060 3107 2123 fuit
3132 2058 3242 2123 diu

843 2144 1064 2209 afflicta
1092 2166 1164 2209 eo
1187 2144 1256 2211 in
1283 2144 1436 2224 loco,
1467 2166 1588 2231 quo
1635 2145 1985 2231 Dermysius
2030 2144 2324 2231 supplicio
2376 2145 2640 2223 affectus,
2688 2165 2815 2209 esse
2858 2145 3237 2211 vindicatam.

847 2230 1012 2296 Mart
1083 2231 1096 2243 '
1158 2230 1406 2297 cadaver
1455 2232 1792 2297 Gulielmus
1840 2232 2163 2297 Simoensis
2204 2228 2683 2296 Dubhlinnensis
2711 2231 2855 2296 civis
2884 2230 2958 2298 ab
2988 2254 3059 2297 eo
3086 2232 3240 2311 loco,

851 2337 972 2402 quo
1001 2252 1130 2382 gii?
1147 2318 1422 2384 hereticis
1471 2318 1808 2405 sepultum,⁸
1823 2319 1891 2384 in
1920 2318 2104 2385 alium
2157 2316 2460 2383 occultum
2488 2315 2841 2383 translatum
2868 2340 3021 2385 urna
3044 2319 3245 2405 lignea

854 2404 1168 2470 conditum
1220 2404 1578 2471 inhumavit.
1691 2406 1977 2486 Mortem,
2052 2412 2113 2471 et
2184 2402 2547 2491 supplicium
2604 2403 2938 2471 Richardus
2992 2405 3245 2492 insignis

860 2490 1180 2565 Musicus†
1229 2491 1452 2559 fidibus
1479 2491 1796 2559 celebravit
1822 2492 2212 2573 lamentabili,
2242 2496 2425 2579 atque
2452 2491 2696 2557 funesto
2724 2498 2890 2572 tono,
2922 2494 3027 2579 qui
3054 2490 3245 2559 Slanii

653 2571 834 2639 [1⁰3·l
864 2576 1118 2644 Baronis
1146 2577 1469 2645 delictum”
1505 2581 1952 2666 nuncupatur-41
2398 2598 2403 2605 ·

1860 3066 2040 3134 CAP.
2088 3066 2233 3131 XX.

1167 3251 1416 3308 Gelatius
1446 3254 1852 3322 O’Oulenanus‚
1877 3266 1935 3313 et
1960 3259 2133 3315 Huon
2163 3258 2588 3319 O'Melkeranus
2614 3265 2911 3339 Martyres·

858 3426 1252 3528 Hac-habui,
1283 3451 1418 3516 quae
1447 3433 1522 3500 de
1548 3434 1780 3502 casilia
1799 3438 2263 3525 Archiepiscopo
2279 3440 2667 3509 invictissimo
2687 3444 2954 3532 Martyre
2973 3445 3248 3514 dicerem.

857 3514 1149 3582 Pauclora
1195 3517 1270 3583 de
1319 3520 1557 3587 Gelatio
1601 3521 2033 3591 O'Culennano
2075 3524 2314 3593 Abbate
2342 3534 2403 3593 et
2432 3528 2657 3596 Huone
2700 3529 3131 3599 O'Melkerano
3158 3556 3249 3600 sa-

858 3603 1098 3703 cerdote
1125 3606 1485 3674 memorabo.
1576 3609 1849 3677 Gelatius
1878 3611 2343 3680 O'Culennanus
2369 3616 2488 3683 fuit
2514 3618 2712 3683 editus
2753 3620 3051 3685 natalibus
3085 3620 3249 3687 haud

857 3688 1144 3790 obscuris,
1195 3691 1478 3761 Lovanise
1525 3696 1739 3763 litteris
1783 3698 2059 3765 excultus
2086 3700 2337 3767 Romam
2366 3703 2535 3769 adiit.
2622 3704 2803 3771 Unde
2858 3729 3127 3774 reversus
3181 3708 3248 3773 in

857 3776 1160 3877 lber-mam
1189 3802 1413 3847 sacram
1441 3782 1584 3850 Divi
1610 3785 1903 3851 Bernardi
1920 3786 2294 3873 Religionem
2310 3790 2640 3877 profitetur.
2684 3791 3033 3859 Virtutibus
3057 3795 3248 3882 magis

856 3864 1049 3962 indies
1101 3864 1319 3932 florens
1347 3874 1406 3933 et
1435 3870 1713 3937 Pontifici
1741 3872 2032 3955 Maximo,
2062 3880 2127 3939 et
2154 3874 2348 3943 ordini
2394 3885 2601 3943 sancto
2630 3878 2850 3965 dignus
2892 3880 3146 3962 videtur,
3174 3890 3247 3947 ut

855 3949 1073 4052 Bulliae
1099 3952 1310 4019 Abbas
1337 3963 1586 4024 creetur.
1670 3957 1853 4026 Brevi
1880 3967 2017 4047 post
2038 3968 2247 4047 captus
2276 3970 2367 4028 est
2394 3964 2468 4029 ab
2499 3966 2735 4051 Anglis,
2767 3967 2874 4053 qui
2900 3967 3156 4055 Moyoae,
3186 3976 3247 4034 et

855 4036 1001 4136 alios
1049 4058 1269 4138 vacuos
1316 4042 1715 4130 Episcopatus
1770 4049 1943 4133 regni
1985 4048 2348 4119 Connachtae
2382 4050 2470 4115 illi
2500 4052 2775 4132 offerunt,
2820 4054 2999 4119 modo
3028 4054 3245 4123 Catho-

854 4123 972 4190 1166
995 4123 1282 4211 religione
1327 4127 1758 4218 Pontificisque
1805 4132 2060 4201 Maximi
2110 4142 2307 4221 partes
2354 4137 2603 4205 deserat.
2691 4140 2793 4205 Ad
2837 4141 2966 4206 haec
3014 4142 3117 4207 ille
3156 4165 3245 4208 re-

857 4211 1158 4311 spondens
1185 4213 1500 4297 haereticis,
1531 4240 1749 4305 magna
1769 4226 1931 4301 sunt,
1952 4226 1995 4255 “
2009 4220 2269 4307 inquit,’'
2294 4224 2607 4311 amplaque
2634 4226 2762 4291 haec
2780 4225 3084 4308 beneficia,
3114 4252 3247 4315 quae

855 4298 1392 4403 mihi-proponitis·
1417 4304 1521 4370 sed
1548 4311 1622 4370 ut
1646 4304 1766 4371 illis
1813 4306 1997 4386 fruar,
2045 4309 2330 4394 quamdiu
2373 4310 2590 4378 dabitis
2632 4314 2831 4379 mihi?
2920 4314 3245 4398 Quamdiu,

857 4393 1141 4471 mqumnt
1191 4388 1453 4457 haeretici
1502 4392 1736 4459 vixeris.
1845 4392 1959 4459 Ille
2000 4400 2151 4476 tum,
2184 4398 2449 4482 quandiu
2491 4400 2710 4487 inquit,
2754 4401 2903 4467 mihi
2931 4401 3148 4469 dabitis
3176 4410 3249 4471 ut

929 4588 953 4615 ⁴¹
987 4586 1286 4671 martyr-ed
1309 4608 1382 4644 on
1405 4590 1691 4662 Stephen's
1717 4591 1926 4657 Graan,
1952 4596 2061 4650 and
2083 4596 2283 4651 buried
2304 4596 2362 4651 in
2400 4598 2495 4654 the
2531 4600 2625 4656 old
2668 4602 3019 4673 churchyard
3050 4601 3119 4656 of
3155 4600 3243 4656 St.

859 4654 1042 4711 Kevm
1059 4680 1072 4713 ε
1089 4659 1402 4745 .Α1161661;6,
1427 4662 1485 4715 ii.
1516 4680 1570 4733 p.
1599 4662 1662 4721 'n
1689 4684 1706 4730 ς
1747 4664 1862 4719 also
1888 4666 2148 4741 Mooney,
2172 4669 2295 4723 who
2320 4686 2441 4741 says
2464 4670 2587 4726 that
2608 4672 2655 4726 it
2676 4691 2787 4728 was
2812 4673 2869 4728 in
2894 4674 3045 4745 May,
3069 4691 3125 4745 p.
3152 4676 3245 4729 69.

929 4730 958 4795 †
996 4728 1231 4786 Nerther
1255 4731 1510 4789 Bishai-d
1533 4751 1635 4789 nor
1659 4734 1745 4789 his
1769 4738 1926 4810 elegy
1949 4738 2146 4794 known
2172 4746 2232 4794 to
2256 4740 2351 4795 the
2374 4740 2577 4799 editor.
2648 4744 2754 4798 866
2777 4744 3063 4801 Analecta.
