3634 5842
857 682 982 745 144
1327 678 1746 747 o'sumvm
1791 696 2107 746 mamam
2150 696 2537 758 cunonem,
2566 696 2715 743 rou.
2762 698 2864 743 111.
3018 680 3251 764 [1,10.1.

856 859 1249 937 desciverunt,
1280 864 1342 923 et
1389 860 1456 923 in
1500 880 1642 924 suos
1685 858 2025 926 Catholicos
2056 857 2411 937 sacerdotes,
2458 858 2562 943 qui
2611 856 2687 923 ad
2737 856 2960 923 bellum
3002 857 3251 924 minime

855 944 1336 1023 cohortabantur,
1367 944 1603 1029 culpam
1653 967 1827 1011 suam
1870 945 2257 1011 transferunt.
2345 944 2637 1010 Praeterea
2665 944 2876 1009 dicunt
2904 966 2967 1009 se
2996 943 3245 1010 moleste

855 1030 1082 1111 tulisse,
1113 1030 1274 1116 quod
1301 1054 1338 1096 a
1365 1030 1751 1117 principibus,
1782 1038 1845 1098 et
1872 1032 2185 1115 nobilitate
2211 1031 2536 1097 Catholicae
2564 1032 2839 1097 factionis
2869 1031 3093 1096 fuerint
3120 1038 3245 1097 tam

855 1118 1057 1203 spreti,
1087 1123 1150 1183 et
1219 1139 1286 1182 ro
1315 1116 1560 1204 abjectis
1601 1117 1812 1201 habiti,
1836 1125 1909 1186 ut
1956 1118 2035 1184 ad
2082 1118 2424 1197 amicitiam,
2456 1124 2518 1184 et
2568 1120 2905 1184 societatem
2953 1140 3079 1183 non
3120 1118 3247 1184 sint

853 1226 938 1287 ro·
998 1205 1069 1270 ti.
1186 1140 1393 1269 {berni
1449 1204 1747 1291 principes
1815 1205 2090 1293 Anglicae
2159 1205 2435 1270 factionis
2506 1226 2631 1271 non
2702 1226 2885 1271 unam
2954 1205 3241 1271 rationem

853 1226 1116 1357 reddunt
1187 1290 1572 1377 quamobrem
1641 1292 1758 1379 ipsi
1830 1316 1867 1360 a
1936 1291 2143 1380 regina
2212 1314 2339 1357 non
2411 1290 2778 1357 defecerint*
2848 1292 3105 1379 primum
3178 1314 3241 1357 se

852 1378 1038 1445 fuisse
1065 1378 1406 1463 perterritos
1433 1378 1678 1445 adversa
1703 1381 1946 1447 fortuna
1972 1400 2197 1459 eorum,
2255 1378 2324 1442 ui
2351 1399 2415 1443 se
2443 1378 2849 1463 superioribus
2875 1378 3241 1465 temporibus

853 1487 890 1530 a
935 1487 1146 1553 regum
1175 1464 1413 1551 Angliae
1441 1466 1631 1532 ductu
1679 1466 2122 1533 subduxerant:
2214 1466 2227 1479 ‘
2434 1463 2775 1531 Catholicos
2802 1466 3086 1544 victuma,
3135 1468 3240 1551 qui

853 1574 965 1618 nec
991 1576 1030 1618 a
1055 1552 1346 1618 Pontifice
1372 1574 1627 1633 summo,
1655 1576 1768 1620 nec
1816 1553 1893 1620 ab
1946 1552 2276 1639 Hispanias,
2307 1552 2404 1617 vel
2444 1550 2657 1617 Gallim
2684 1551 2851 1639 Rege
2880 1551 3239 1639 adjuvaban-

854 1647 992 1713 tur:
1039 1662 1303 1727 sperasse
1351 1640 1620 1725 reginam
1670 1640 1997 1707 multorum
2042 1660 2336 1707 annorum
2362 1638 2644 1705 feminam
2673 1638 2812 1719 cito,
2844 1639 2971 1706 vita
2996 1639 3240 1705 defunc-

855 1732 1073 1807 turam,
1105 1725 1336 1812 sibique
1363 1726 1696 1793 consultius
1725 1751 1854 1794 esse
1882 1728 2131 1794 celerem
2166 1727 2293 1814 ejus
2336 1732 2591 1791 mortem
2616 1731 2922 1812 spectare,
3010 1748 3148 1791 uam
3178 1748 3242 1791 se

853 1812 1243 1900 fortunasque
1263 1836 1400 1879 suas
1427 1814 1494 1879 in
1523 1814 1839 1881 discrimen
1868 1816 2192 1881 deducere:
2236 1834 2361 1879 non
2390 1812 2708 1892 dubitasse,
2782 1812 2887 1877 uin
3036 1836 3071 1879 0
3102 1834 3242 1877 con-

854 1899 1035 1979 fectn,
1063 1900 1182 1987 ipsi
1211 1922 1466 1985 quorum
1523 1902 1722 1987 opera,
1751 1908 1814 1967 et
1841 1903 2063 1967 virtute
2090 1900 2295 1987 regina
2321 1900 2577 1981 vicisset,
2608 1897 2683 1963 ab
2712 1899 2731 1963 i
2840 1922 3063 1965 munus
3092 1898 3243 1965 illud

855 2008 964 2073 pro
993 1987 1220 2053 meritis
1249 1986 1372 2051 suis
1399 1986 1804 2073 impetrarent,
1834 1994 1908 2053 ut
2106 1994 2178 2053 nt
2198 1984 2551 2066 Christiane,
2582 1991 2643 2051 et
2670 1984 2977 2051 Catholice
3004 1987 3241 2051 vivere:

855 2073 1124 2139 timuisse
1169 2073 1498 2159 potentiam
1545 2075 1885 2161 principum
2048 2074 2227 2140 rnicae
2276 2072 2549 2139 factionis
2585 2094 2661 2137 ne
2690 2070 2765 2138 ab
2792 2071 2929 2150 illis,
2960 2072 3011 2135 si
3040 2071 3245 2137 vince-

853 2167 1008 2240 rent,
1065 2157 1537 2245 possessionibus
1585 2162 1710 2225 suis
1755 2160 2226 2247 expellerentur:
2271 2158 2389 2226 sibi
2442 2181 2788 2245 persuasum
2844 2156 3121 2223 habuisse
3166 2180 3247 2223 ex

855 2252 1022 2332 parte
1049 2244 1388 2331 Anglorum
1415 2266 1584 2333 aeque
1628 2247 1862 2333 justum
1917 2248 2101 2313 fuisse
2127 2246 2244 2312 hoc
2270 2245 2516 2324 bellum,
2546 2252 2725 2333 atque
2752 2244 2883 2324 alia,
2956 2266 3050 2309 uae
3078 2243 3245 2310 Pon-

658 2334 710 2399 [1
725 2336 833 2405 15.]
855 2332 1030 2398 tificis
1082 2332 1337 2397 Maximi
1393 2332 1685 2418 permissu
1722 2336 1750 2417 ΙΙ
1817 2334 2146 2421 superiores
2207 2331 2500 2398 Catholici
2576 2355 2745 2418 reges
2801 2332 2945 2417 Ang
2971 2331 3041 2395 ‘ae
3099 2353 3241 2397 cum

857 2419 1063 2485 multis
1090 2418 1324 2485 Ibernis
1353 2420 1732 2506 magnatibus
1759 2444 1885 2487 non
1942 2420 2017 2486 de
2064 2418 2369 2505 religione,
2401 2418 2501 2484 sed
2536 2418 2611 2484 de
2638 2430 3002 2484 terrenarum
3044 2440 3240 2483 rerum

852 2508 1005 2593 jure,
1034 2512 1098 2572 et
1142 2505 1451 2571 dominatu
1499 2506 1826 2593 gerebant:
1870 2530 1941 2573 eo
1989 2514 2255 2593 tempore
2304 2506 2773 2592 persecutionem
2815 2508 2883 2571 in
2911 2504 3241 2571 sacerdotes

857 2615 984 2659 non
1039 2594 1104 2658 in
1223 2592 1237 2607 '
1359 2620 1375 2659 t
1419 2592 1758 2660 catholicos
1804 2596 1908 2680 qui
1958 2594 2252 2660 haereticis
2302 2614 2479 2678 opem
2526 2593 2739 2672 ferant,
2792 2615 2915 2658 non
2964 2591 3146 2658 fuisse
3204 2615 3243 2657 a

859 2702 1094 2747 summo
1176 2680 1416 2745 ontifice
1443 2682 2002 2761 excommunicatos,
2032 2686 2095 2747 et
2120 2680 2670 2747 Ecclesiasticarum
2698 2700 3077 2780 censurarum
3108 2700 3238 2779 mu-

857 2788 1304 2934 ffifflgssff
1306 2788 1434 2920 {⁸131
1459 2767 2031 2936 fflffiffisssssss?
2062 2765 3241 2941 ἑᾝῗξῖἒοᾷἓῗξῗηῗοίἷῗᾞὲἶὲῗ

855 2942 997 3022 rint,
1026 2948 1098 3007 ut
1125 2964 1249 3007 non
1276 2942 1470 3007 solum
1497 2940 1587 3007 fas
1627 2948 1783 3008 oeset
1808 2942 2031 3028 reginae
2058 2942 2210 3007 ferre
2238 2964 2431 3029 opem,
2462 2940 2567 3006 sed
2595 2942 2772 3006 etiam
2803 2939 3091 3006 Ibernicoe
3118 2939 3238 3005 fac·

857 3028 1007 3093 tioni
1057 3029 1355 3127 resistere,
1399 3036 1460 3092 et
1509 3029 1756 3093 eandem
1807 3030 1973 3128 ferro·
2010 3027 2311 3094 lacessere.
2397 3026 2589 3093 Erant
2646 3027 2867 3113 quippe
2908 3025 3239 3092 sacerdotes

853 3112 2767 3279 333323130ffi¹31252222²831ffssnsstnfflffmffibffiefflffi
2792 3119 3238 3266 Ξὲιῗὴέιῗῗὴῗ

858 3282 1003 3349 Η110
1031 3284 1210 3349 etiam
1239 3284 1649 3370 cogitationes,
1671 3292 1851 3372 atque
1879 3308 2091 3352 nervos
2108 3308 2315 3351 omnes
2342 3286 2735 3353 intendebant
2754 3286 3021 3373 plerique
3050 3307 3239 3351 sacer·

856 3370 1025 3435 dotes
1075 3391 1149 3435 ex
1194 3372 1435 3436 noviore
1483 3394 1716 3455 genere,
1765 3394 1888 3438 non
1934 3395 2159 3438 omnes.
2248 3372 2411 3438 Nam
2460 3372 2643 3460 aliqui
2672 3380 2879 3439 contra
2920 3373 3237 3439 factionem

855 3457 1210 3536 Ibernicam,
1239 3456 1726 3544 catholicamque
1775 3458 2034 3538 stabant,
2086 3460 2190 3544 qui
2242 3459 2403 3545 apud
2454 3458 2757 3525 Hibernos
2800 3460 3073 3545 Anglicae
3118 3460 3240 3525 fac·

853 3546 1034 3611 tionis
1104 3545 1377 3631 rincipes,
1408 3552 1588 3631 atque
1615 3546 1883 3611 civitates
1912 3548 2263 3612 auctoritate
2290 3545 2615 3632 plurimum
2645 3545 2937 3613 valebant.

941 3630 1038 3697 De
1063 3566 1160 3697 his
1187 3631 1541 3699 Ibernorum
1570 3632 1931 3699 factionibus
1978 3632 2191 3698 certior
2218 3633 2412 3699 factus
2439 3632 2719 3699 Pontifex
2746 3655 3017 3698 summus
3046 3631 3236 3717 diplo-

854 3726 1012 3785 mate
1041 3741 1150 3785 suo
1181 3718 1416 3785 Ibernis
1435 3718 1712 3785 omnibus
1733 3721 1816 3785 im
1894 3720 2063 3800 ravit,
2086 3725 2158 3786 ut
2182 3718 2505 3785 Catholicis
2526 3719 2897 3806 principibus
2918 3742 3041 3784 non
3058 3718 3239 3783 modo

854 3828 978 3871 non
1007 3806 1474 3887 adversarentur,
1505 3806 1612 3872 sed
1661 3807 1788 3892 op‘v
1921 3813 2118 3873 entur.
2203 3806 2305 3871 Ab
2350 3805 2590 3873 alterius
2636 3806 2910 3873 factionis
2952 3805 3239 3871 studiosis

855 3898 947 3958 est
975 3892 1276 3979 objectum
1303 3892 1626 3959 Pontifices
1652 3893 1879 3960 litteras
1925 3894 2108 3959 fuisse
2157 3892 2304 3960 falsa
2329 3894 2666 3960 narratione
2694 3900 3012 3980 surreptas.
3098 3890 3241 3963 Qua

856 3978 932 4045 de
959 4002 1023 4044 re
1073 3980 1203 4044 sero
1243 3978 1498 4045 relatum
1543 3986 1636 4045 est
1685 3980 1760 4046 ad
1805 3980 2251 4060 Salmantinam,
2282 3986 2343 4045 et
2384 3979 2860 4047 Valesoletanam
2888 3978 3241 4047 Academias

851 4066 1313 4144 florentissimas,
1342 4066 1409 4131 in
1437 4064 1655 4151 quibus
1700 4068 1971 4133 omnium
2021 4067 2329 4133 doctorum
2381 4067 2607 4134 calculo
2635 4066 2861 4133 litteras
2888 4089 3015 4133 non
3056 4066 3243 4131 fuisse

853 4152 1221 4239 surreptitias
1247 4152 1739 4237 pronunciantur,
1771 4160 1833 4219 et
1883 4154 2253 4219 sacerdotum
2282 4153 2637 4221 Ibernorum
2670 4153 2939 4240 Anglicae
2967 4152 3245 4219 fact-ionis

927 4422 950 4451 ⁸
991 4418 1114 4474 One
1131 4416 1197 4474 of
1211 4416 1306 4472 the
1331 4415 1483 4472 chief
1500 4434 1687 4472 causes
1702 4417 1824 4489 why
1838 4417 1933 4471 the
1953 4417 2311 4492 Anglo-Irish
2330 4418 2395 4472 of
2409 4418 2503 4472 the
2523 4418 2645 4491 pale
2670 4417 2769 4472 did
2784 4425 2883 4471 not
2900 4418 3009 4472 rise
3026 4416 3245 4489 against

855 4487 1150 4544 Elizabeth
1172 4506 1301 4552 was,
1324 4488 1471 4542 their
1495 4488 1728 4544 distrust
1750 4488 1859 4544 and
1881 4488 2124 4544 national
2151 4490 2348 4545 hatred
2372 4490 2439 4543 of
2454 4490 2547 4543 the
2573 4488 2737 4545 Irish.
2814 4488 2972 4560 They
2995 4504 3158 4550 were,
3186 4488 3243 4540 in

857 4566 1523 4699 335021233313333
1532 4560 2187 4687 ‘kssssffim’fllfflffumfii’
2213 4561 2396 4687 3⁹3⁸
2412 4568 2565 4687 355ss
2596 4559 3243 4685 ‘’2333522235-033:

861 4702 982 4757 The
1005 4649 1219 4755 sucldess
1241 4700 1308 4783 of
1334 4701 1428 4755 the
1451 4702 1634 4757 native
1659 4650 1804 4759 Iffih
1830 4704 1937 4756 and
1962 4651 2286 4777 deggnelate
2312 4650 2547 4773 Einglish
2564 4648 2757 4757 &ould
2779 4702 2847 4756 be
2872 4699 3145 4774 regarded
3169 4699 3242 4772 by

858 4774 953 4828 the
971 4770 1108 4825 Pale
1131 4770 1366 4843 English
1391 4788 1450 4825 as
1467 4787 1501 4826 a
1523 4773 1767 4828 national
1791 4772 1990 4827 defeat.
