3634 5842
379 749 517 797 car.
548 729 698 814 Ἧι]
790 751 875 796 nr.
902 751 1342 814 rauranum,
1374 755 1612 806 Qun-rw
1642 756 2129 806 rmnctmoms
2159 758 2450 808 amno.
2625 745 2750 812 323

375 899 585 954 fuerint
610 900 782 965 ducti,
806 908 872 955 ut
886 900 1163 972 justitiam
1186 912 1451 970 nostram,
1475 914 1532 962 et
1553 925 1846 981 prorogem
1870 918 2240 974 contemnant,
2264 928 2359 965 eos
2380 914 2750 980 admonemus,

376 988 414 1023 a
435 970 593 1025 nobis
618 989 842 1028 eausam
865 973 1005 1028 hanc
1028 993 1147 1029 esse
1182 979 1613 1043 examinandam,
1652 979 1884 1054 illosque
1909 981 2097 1038 severe
2126 983 2458 1068 puniendos,
2490 994 2752 1058 tanquam

374 1041 657 1097 seditionis
704 1052 979 1109 auctores,
1029 1054 1194 1118 atque
1240 1057 1440 1106 nostre
1489 1050 1773 1136 dignitatis
1821 1054 2278 1126 auctoritatisque
2325 1065 2746 1129 contemptores.

374 1112 588 1168 Datum
612 1114 669 1169 in
697 1116 854 1188 regia
893 1125 1088 1172 nostra
1132 1117 1702 1177 westmonasteriensi
1742 1125 1975 1196 septimo
2019 1126 2107 1180 die
2131 1126 2424 1181 Februarii
2450 1131 2615 1184 Anno
2640 1129 2753 1184 Do-

374 1185 524 1238 mino
547 1186 860 1241 millessimo
882 1190 1273 1245 sexcentesimo
1298 1191 1511 1248 decimo
1552 1195 1740 1257 tertio,
1772 1197 2062 1251 undecimo
2089 1215 2218 1252 vero
2241 1200 2399 1270 regni
2422 1201 2600 1256 nostri
2624 1201 2754 1256 Bri-

373 1255 589 1319 tannia,
616 1256 819 1322 Gallia,
844 1266 901 1314 et
925 1259 1222 1326 Hibernia,
1250 1263 1457 1321 Scotiae
1482 1271 1666 1320 autem
1692 1268 2108 1339 quadragesimo
2133 1276 2314 1324 sexto.

460 1433 588 1499 Sub
636 1433 751 1500 hoc
799 1440 1033 1522 tempus
1061 1435 1105 1500 J
1106 1435 1327 1502 acobus
1376 1459 1481 1502 rex
1528 1436 1793 1502 Londini
1850 1437 2284 1522 parlamentum
2339 1437 2652 1522 habebam!
2687 1447 2750 1507 et
2770 1443 2949 1514 [2⁵⁰4

370 1520 596 1606 Aprilis
624 1519 719 1586 die
748 1521 958 1606 quinto
1000 1524 1173 1608 Juxta
1220 1523 1720 1610 computationem
1748 1523 2103 1610 Anglorum,
2135 1524 2240 1590 sed
2267 1523 2495 1590 decimo
2538 1528 2748 1612 quinto

371 1607 697 1672 secundum
748 1615 1021 1674 nostrum
1070 1608 1329 1676 eoelesioe
1379 1609 1700 1676 Catholicae
1750 1610 2210 1678 emendatiorem
2249 1609 2544 1677 calculum
2591 1635 2748 1680 anno

374 1695 543 1758 1614
573 1694 805 1780 Anglos
850 1717 1117 1782 procem
1160 1695 1227 1760 in
1273 1696 1704 1783 parlamentum
1732 1702 2088 1763 convocatos
2137 1696 2478 1782 alloquitur,
2507 1698 2749 1786 longam

369 1801 612 1846 exorsus
642 1782 967 1847 orationem
1016 1803 1196 1868 quam
1240 1803 1311 1848 eo
1357 1789 1547 1850 totam
1592 1782 1871 1863 intendit,
1922 1791 1996 1852 ut
2040 1806 2075 1849 a
2102 1781 2383 1870 subjectis
2411 1784 2754 1870 impetraret

368 1889 649 1953 magnam
680 1890 972 1934 summam
997 1869 1285 1954 pecnnioe,
1315 1891 1387 1935 eo
1435 1869 1629 1936 colore
1674 1880 1747 1935 ut
1795 1893 1878 1936 ωε
1927 1869 2204 1949 alienum,
2236 1870 2399 1955 quod
2437 1871 2750 1942 funeribus

368 1954 463 2020 sui
490 1953 599 2020 filii
626 1955 911 2041 principis
938 1956 1313 2036 conflaverat,
1345 1955 1690 2024 dissolveret
1718 1962 1780 2023 et
1806 1963 2056 2023 conatus
2073 1955 2429 2022 Ibernorum
2485 1979 2598 2023 uos
2625 1982 2750 2026 suae

365 2039 638 2127 religioni
667 2063 1025 2130 magnopere
1072 2040 1341 2122 timebat,
1372 2043 1739 2129 infringeret.
1827 2042 2063 2109 Deinde
2099 2042 2386 2110 Kalendis
2487 2044 2566 2110 aii
2594 2047 2746 2144 ejus-

365 2127 501 2194 dem
529 2127 691 2208 anni,
721 2127 835 2194 hoc
863 2135 955 2218 est
984 2129 1310 2195 secundum
1339 2129 1675 2216 Anglorum
1695 2129 2208 2207 consuetudinem,
2237 2130 2524 2216 vigesimo
2551 2153 2746 2217 pnmo

363 2213 587 2300 Aprilis
618 2214 715 2281 die
736 2214 921 2296 Iovis,
937 2215 1003 2280 in
1022 2215 1407 2302 pai-lamento,
1436 2217 1592 2282 inter
1620 2217 1715 2282 sui
1740 2216 1912 2304 regni
1933 2220 2258 2302 magnates,
2291 2216 2532 2282 celsiore
2559 2219 2738 2303 paulo

360 2299 495 2368 loco
522 2301 735 2368 sedens
760 2301 1012 2382 medius,
1042 2301 1118 2368 ad
1168 2301 1419 2369 Ibemos
1468 2310 1727 2370 oratores
1778 2303 2092 2370 accersitos
2118 2303 2587 2389 praemeditatam
2617 2327 2744 2372 ora-

360 2388 586 2453 tionem
613 2388 867 2474 Anglice
914 2387 1144 2468 habuit,
1175 2411 1353 2474 quam
1401 2390 1492 2456 illi
1540 2389 1973 2477 respondendo,
2005 2389 2242 2476 quando
2293 2389 2406 2455 sibi
2435 2390 2746 2460 videbatur

362 2473 654 2561 expedire,
682 2474 1258 2561 interrumpebant*
1299 2475 1415 2541 Ille
1440 2498 1581 2542 vero
1609 2477 1677 2542 in
1702 2477 1860 2543 hanc
1889 2477 2242 2543 sententiam
2271 2476 2510 2542 initium
2541 2480 2742 2544 sumit.

1326 2651 1509 2733 Regis
1542 2651 1770 2717 oratio.

426 2773 706 2847 Equidem
732 2774 933 2840 neseio,
958 2793 1066 2847 qua
1088 2775 1346 2839 audacia,
1372 2793 1547 2848 quove
1594 2777 1828 2847 pudore,
1855 2775 2042 2832 lberni
2085 2783 2356 2839 oratores,
2392 2793 2460 2848 ap
2561 2776 2664 2831 etis
2689 2778 2744 2832 in

355 2862 479 2901 meo
518 2855 833 2918 conspectu,
876 2865 1003 2901 cum
1044 2865 1160 2910 vos,
1196 2855 1362 2918 atque
1385 2854 1655 2902 vestrates
1681 2865 1890 2912 omnes,
1913 2847 2032 2902 sitis
2070 2865 2180 2902 non
2214 2847 2394 2902 solum
2471 2847 2744 2902 lenissimo

356 2917 537 2972 animo
579 2917 637 2972 in
674 2919 997 2992 religionem
1034 2936 1229 2982 meam,
1268 2937 1323 2972 m
1392 2936 1463 2974 ue
1504 2919 1702 2990 ipsum,
1727 2918 1826 2974 sed
1862 2918 2028 2974 etiam
2053 2917 2464 2974 obstinatissimi
2490 2919 2746 2990 Papistoe,

354 3005 456 3042 neo
473 2987 717 3061 Papistoe
740 2998 955 3045 tantum
968 2991 1339 3064 religioneque
1414 2991 1593 3046 omani
1610 2991 1762 3054 estis,
1778 2992 1876 3046 sed
1890 2990 2112 3062 insuper
2128 3007 2223 3045 vos
2237 2990 2488 3062 gentium
2503 2989 2745 3044 omnium

356 3059 632 3132 Papistas,
674 3068 841 3133 atqua
877 3063 1154 3118 Romanos
1194 3061 1357 3134 longe
1395 3062 1628 3117 maxime
1670 3068 1894 3118 tenaces
1917 3079 2033 3116 esse
2056 3061 2442 3132 profiteamini,
2467 3068 2524 3116 et
2543 3060 2744 3145 glorie·

353 3131 507 3185 mini.
584 3132 753 3195 Quod
778 3133 1059 3189 hominum
1099 3150 1271 3207 genus
1312 3133 1531 3187 minime
1570 3150 1667 3187 vos
1704 3133 1860 3197 latet,
1903 3149 2019 3188 esse
2041 3132 2176 3187 mibi
2200 3132 2453 3196 invisum,
2479 3139 2536 3186 et
2559 3149 2744 3203 ingra-

354 3201 643 3267 tissimum,
688 3222 889 3278 magno
930 3205 1038 3260 mei
1077 3206 1203 3260 odio
1230 3205 1425 3268 teneri,
1465 3203 1679 3276 meique
1724 3205 2069 3278 principatus
2111 3203 2385 3260 excidium
2427 3220 2645 3274 cupere,
2688 3211 2745 3258 et

352 3273 555 3328 moliri.
633 3275 724 3330 Ob
749 3294 913 3349 quam
938 3284 995 3331 et
1017 3277 1150 3332 alias
1175 3293 1365 3330 causas
1403 3294 1499 3330 vos
1537 3293 1653 3331 esse
1694 3277 1952 3348 perfidos,
1990 3274 2094 3348 ipsi
2141 3275 2280 3330 falso
2324 3275 2661 3338 inficiamini,
2685 3282 2743 3328 et

352 3359 463 3399 non
487 3363 663 3410 veros,
686 3365 787 3402 nec
806 3349 1053 3420 integros
1076 3349 1322 3411 clientes,
1361 3355 1460 3402 aut
1501 3348 1767 3412 subditos,
1792 3349 1890 3403 sed
1915 3347 2172 3402 dimidios
2195 3354 2436 3410 tantum,
2461 3364 2638 3418 neque
2663 3345 2742 3400 di·

350 3414 548 3470 midios
572 3419 807 3488 quidem,
847 3437 951 3492 ego
988 3437 1118 3475 vere
1155 3419 1511 3473 confirmabo.
1586 3418 1844 3491 Namque
1868 3436 1993 3473 cum
2016 3419 2181 3473 bomo
2205 3418 2404 3481 anima,
2429 3425 2484 3472 et
2510 3435 2741 3488 corpore

350 3495 583 3550 constet,
609 3488 695 3544 vel
717 3498 895 3544 totam
920 3491 1175 3554 animam,
1198 3491 1521 3544 nobiliorem
1544 3497 1777 3561 partem,
1802 3490 1987 3561 Papo,
2011 3489 2368 3552 consecratis,
2391 3489 2526 3542 mihi
2551 3505 2741 3542 conce-

351 3556 483 3612 ditis
498 3576 715 3631 corpus,
730 3579 907 3634 neque
919 3562 1023 3616 hoc
1038 3562 1343 3633 integrum3
1364 3561 1459 3615 sed
1473 3561 1620 3615 inter
1641 3579 1747 3623 me,
1766 3567 1823 3615 et
1845 3578 2033 3632 regem
2059 3559 2344 3631 Hispaniae
2369 3558 2637 3620 dividitis,
2659 3558 2740 3612 illi

348 3637 561 3686 armato
588 3649 821 3704 corpore
842 3635 1159 3696 servientes,
1192 3631 1324 3686 mihi
1358 3631 1585 3695 inerme,
1621 3631 1850 3694 nudum,
1873 3629 2192 3694 invalidum,
2215 3629 2408 3684 inutile
2431 3629 2738 3700 relinquen-

348 3707 558 3854 ‘emmo
586 3788 789 3858 Dalrae
815 3788 959 3856 baro
986 3811 1189 3876 regem
1214 3787 1571 3874 interpellat,
1600 3787 1767 3852 flexis
1794 3785 2070 3872 genibus,
2101 3784 2187 3851 sic
2214 3783 2520 3869 alloquens
2545 3811 2652 3848 :—

418 3905 605 3970 Absit,
650 3909 1028 3978 potentissime
1087 3905 1505 3977 charissimequc
1551 3923 1671 3968 rex,
1718 3912 1784 3959 ut
1832 3921 1936 3976 ego
1997 3903 2101 3958 sim
2146 3902 2408 3988 perfidus,
2457 3902 2550 3974 qui
2601 3921 2738 3958 nun-

346 3993 530 4048 quam,
554 3994 729 4050 neque
752 3979 852 4043 fui,
876 3997 975 4034 nec
1000 3995 1117 4033 esse
1142 3978 1289 4034 volui
1328 3996 1439 4032 non
1478 3977 1757 4040 obediens,
1793 3985 1854 4030 at
1893 3993 1960 4030 ue
1995 3975 2311 4037 fidissimus,
2335 3991 2393 4027 m
2416 3991 2630 4028 omnem

2665 3992 2738 4029 ue

344 4048 1830 4192 ffizssffiffiffi2203252335221222‘333
1853 4045 2326 4181 aduersu..
2374 3992 2738 4180 terrim:

345 4189 435 4244 vel
458 4206 671 4244 summo
696 4190 775 4244 illi
801 4191 924 4246 Deo
950 4193 1206 4262 creatori,
1231 4199 1288 4246 et
1311 4191 1649 4263 redemptori
1690 4207 1834 4274 meo,
1859 4190 2016 4260 cujus
2051 4188 2413 4272 sacrosanctis
2447 4187 2739 4273 mundatis³

345 4268 510 4333 atque
531 4260 744 4334 legibus
768 4262 919 4334 qudd
942 4262 1228 4335 obsequar,
1252 4281 1362 4318 non
1386 4264 1511 4317 ideo
1552 4260 1855 4324 molestior,
1895 4261 1993 4314 sed
2033 4260 2197 4331 longe
2219 4267 2432 4343 gratior
2456 4266 2738 4342 majestati

345 4340 453 4388 tue
478 4350 594 4388 esse
618 4333 899 4388 debebam.
979 4334 1145 4398 Quod
1170 4335 1213 4389 si
1240 4335 1359 4389 fleri
1382 4341 1635 4405 nequeat,
1660 4341 1725 4387 ut
1747 4333 1868 4403 ejus
1886 4331 2070 4386 divino
2086 4348 2316 4393 nummi,
2329 4337 2544 4402 tueque
2567 4347 2736 4402 regne

345 4403 659 4459 celsitudini
682 4405 843 4460 simul
865 4405 1129 4478 placeam,
1154 4415 1209 4460 et
1235 4405 1623 4476 obtemperem,
1642 4403 1986 4475 majestatem
2009 4411 2164 4457 tuam
2190 4402 2356 4455 etiam
2380 4407 2544 4473 atque
2569 4403 2734 4456 etiam

344 4475 691 4532 vehementer
713 4495 871 4552 rogo,
896 4485 961 4532 ut
984 4477 1153 4532 facias
1194 4477 1328 4532 mihi
1370 4476 1689 4532 facultatem
1728 4473 2072 4546 demigrandi
2116 4490 2242 4527 cum
2279 4471 2488 4526 familia
2521 4473 2579 4526 in
2602 4472 2734 4527 alias

416 4651 443 4676 ⁶
481 4649 587 4706 See
608 4653 667 4706 in
694 4651 835 4716 Oox,
860 4651 919 4706 ii.
947 4669 1001 4724 p.
1030 4655 1121 4716 25,
1158 4669 1193 4706 a
1238 4648 1513 4722 rambling
1536 4649 1774 4714 oration,
1802 4645 2082 4701 delivered
2105 4646 2179 4719 by
2201 4645 2411 4709 James,
2435 4653 2494 4700 at
2520 4644 2732 4701 white-

346 4718 848 4854 zfltlfigesfosgntilgz·
868 4723 1013 4779 Irisb
1058 4729 1271 4797 agents.
1348 4721 1491 4779 Part
1532 4719 1598 4776 of
1624 4721 1672 4776 it
1714 4721 1763 4778 is
1801 4717 2186 4790 substantially
2226 4719 2321 4774 the
2353 4735 2502 4774 same
2535 4735 2596 4774 as
2629 4737 2734 4774 our
