<?xml version="1.0" encoding="UTF-8"?>
<!DOCTYPE html PUBLIC "-//W3C//DTD XHTML 1.0 Transitional//EN"
    "http://www.w3.org/TR/xhtml1/DTD/xhtml1-transitional.dtd">
<html xmlns="http://www.w3.org/1999/xhtml" xml:lang="en" lang="en">
 <head>
  <title>
</title>
<meta http-equiv="Content-Type" content="text/html;charset=utf-8" />
  <meta name='ocr-system' content='tesseract 3.04.00' />
  <meta name='ocr-capabilities' content='ocr_page ocr_carea ocr_par ocr_line ocrx_word'/>
</head>
<body>
  <div class='ocr_page' id='page_1' title='image "./historicatholic00kellgoog_0222.png"; bbox 0 0 3634 5842; ppageno 0'>
   <div class='ocr_carea' id='block_1_1' title="bbox 888 1616 3268 1730">
    <p class='ocr_par' dir='ltr' id='par_1_1' title="bbox 888 1616 3268 1730">
     <span class='ocr_line' id='line_1_1' title="bbox 888 1616 3268 1730; baseline 0 -20"><span class='ocrx_word' id='word_1_1' title='bbox 888 1618 1235 1716; x_wconf 83' lang='lat' dir='ltr'><strong>DOMINI</strong></span> <span class='ocrx_word' id='word_1_2' title='bbox 1317 1622 1751 1717; x_wconf 87' lang='lat' dir='ltr'>PHILIPPI</span> <span class='ocrx_word' id='word_1_3' title='bbox 1813 1620 2428 1720; x_wconf 83' lang='lat' dir='ltr'>O’SULLEVANI</span> <span class='ocrx_word' id='word_1_4' title='bbox 2488 1616 2851 1714; x_wconf 82' lang='lat' dir='ltr'>BEARRI</span> <span class='ocrx_word' id='word_1_5' title='bbox 2906 1618 3268 1730; x_wconf 80' lang='lat' dir='ltr'><strong>IBERNI,</strong></span> 
     </span>
    </p>
   </div>
   <div class='ocr_carea' id='block_1_2' title="bbox 1661 1858 2506 1927">
    <p class='ocr_par' dir='ltr' id='par_1_2' title="bbox 1661 1858 2506 1927">
     <span class='ocr_line' id='line_1_2' title="bbox 1661 1858 2506 1927; baseline -0.004 0"><span class='ocrx_word' id='word_1_6' title='bbox 1661 1860 1885 1927; x_wconf 80' lang='grc' dir='ltr'><strong>ΤΟΜΙ</strong></span> <span class='ocrx_word' id='word_1_7' title='bbox 1926 1860 2056 1926; x_wconf 90' lang='grc' dir='ltr'><strong>ΙΙΙ.</strong></span> <span class='ocrx_word' id='word_1_8' title='bbox 2085 1858 2349 1926; x_wconf 80' lang='lat' dir='ltr'>LIBER</span> <span class='ocrx_word' id='word_1_9' title='bbox 2389 1858 2506 1924; x_wconf 84' lang='lat' dir='ltr'><strong>IV.</strong></span> 
     </span>
    </p>
   </div>
   <div class='ocr_carea' id='block_1_3' title="bbox 1459 2092 2696 2157">
    <p class='ocr_par' dir='ltr' id='par_1_3' title="bbox 1459 2092 2696 2157">
     <span class='ocr_line' id='line_1_3' title="bbox 1459 2092 2696 2157; baseline -0.003 -10"><span class='ocrx_word' id='word_1_10' title='bbox 1459 2097 1559 2147; x_wconf 74' lang='lat' dir='ltr'><strong>DE</strong></span> <span class='ocrx_word' id='word_1_11' title='bbox 1590 2096 1825 2149; x_wconf 76' lang='lat' dir='ltr'>BELLO</span> <span class='ocrx_word' id='word_1_12' title='bbox 1859 2094 2275 2157; x_wconf 75' lang='lat' dir='ltr'><strong>QUINDECIM</strong></span> <span class='ocrx_word' id='word_1_13' title='bbox 2307 2092 2696 2146; x_wconf 71' lang='lat' dir='ltr'>ANNORUM.</span> 
     </span>
    </p>
   </div>
   <div class='ocr_carea' id='block_1_4' title="bbox 881 2280 3275 2611">
    <p class='ocr_par' dir='ltr' id='par_1_4' title="bbox 881 2280 3275 2611">
     <span class='ocr_line' id='line_1_4' title="bbox 889 2280 3273 2368; baseline 0 -22"><span class='ocrx_word' id='word_1_14' title='bbox 889 2282 1067 2347; x_wconf 70' lang='lat' dir='ltr'><strong>Aen</strong></span> <span class='ocrx_word' id='word_1_15' title='bbox 1093 2282 1208 2348; x_wconf 91' lang='lat' dir='ltr'><strong>sub</strong></span> <span class='ocrx_word' id='word_1_16' title='bbox 1239 2282 1532 2363; x_wconf 84' lang='lat' dir='ltr'><strong>Russello,</strong></span> <span class='ocrx_word' id='word_1_17' title='bbox 1563 2282 1814 2349; x_wconf 88' lang='lat' dir='ltr'><strong>Norrise</strong></span> <span class='ocrx_word' id='word_1_18' title='bbox 1872 2290 1933 2348; x_wconf 91' lang='lat' dir='ltr'><strong>et</strong></span> <span class='ocrx_word' id='word_1_19' title='bbox 1991 2282 2285 2368; x_wconf 84' lang='lat' dir='ltr'><strong>Burugho</strong></span> <span class='ocrx_word' id='word_1_20' title='bbox 2313 2281 2594 2347; x_wconf 72' lang='lat' dir='ltr'><strong>vidimus.</strong></span> <span class='ocrx_word' id='word_1_21' title='bbox 2682 2280 2801 2347; x_wconf 83' lang='lat' dir='ltr'><strong>Illa</strong></span> <span class='ocrx_word' id='word_1_22' title='bbox 2832 2282 3071 2365; x_wconf 88' lang='lat' dir='ltr'><strong>quidem</strong></span> <span class='ocrx_word' id='word_1_23' title='bbox 3116 2283 3273 2347; x_wconf 78' lang='lat' dir='ltr'><strong>acris</strong></span> 
     </span>
     <span class='ocr_line' id='line_1_5' title="bbox 887 2368 3275 2456; baseline 0 -23"><span class='ocrx_word' id='word_1_24' title='bbox 887 2369 1153 2449; x_wconf 83' lang='lat' dir='ltr'><strong>fuerunt,</strong></span> <span class='ocrx_word' id='word_1_25' title='bbox 1184 2370 1289 2437; x_wconf 86' lang='lat' dir='ltr'><strong>sed</strong></span> <span class='ocrx_word' id='word_1_26' title='bbox 1318 2371 1541 2437; x_wconf 77' lang='lat' dir='ltr'>acriora</span> <span class='ocrx_word' id='word_1_27' title='bbox 1581 2376 1931 2456; x_wconf 87' lang='lat' dir='ltr'><strong>sequuntur.</strong></span> <span class='ocrx_word' id='word_1_28' title='bbox 2022 2370 2175 2442; x_wconf 81' lang='lat' dir='ltr'><strong>Quae</strong></span> <span class='ocrx_word' id='word_1_29' title='bbox 2205 2369 2501 2434; x_wconf 88' lang='lat' dir='ltr'><strong>Urmonio</strong></span> <span class='ocrx_word' id='word_1_30' title='bbox 2530 2368 2747 2433; x_wconf 88' lang='lat' dir='ltr'><strong>comite</strong></span> <span class='ocrx_word' id='word_1_31' title='bbox 2787 2369 2938 2453; x_wconf 83' lang='lat' dir='ltr'><strong>regii</strong></span> <span class='ocrx_word' id='word_1_32' title='bbox 2980 2370 3275 2434; x_wconf 86' lang='lat' dir='ltr'><strong>exercitus</strong></span> 
     </span>
     <span class='ocr_line' id='line_1_6' title="bbox 887 2455 3275 2545; baseline 0.001 -26"><span class='ocrx_word' id='word_1_33' title='bbox 887 2455 1239 2541; x_wconf 80' lang='lat' dir='ltr'><strong>imperatore</strong></span> <span class='ocrx_word' id='word_1_34' title='bbox 1268 2478 1460 2544; x_wconf 89' lang='lat' dir='ltr'><strong>usque</strong></span> <span class='ocrx_word' id='word_1_35' title='bbox 1488 2458 1563 2524; x_wconf 81' lang='lat' dir='ltr'><strong>ad</strong></span> <span class='ocrx_word' id='word_1_36' title='bbox 1591 2457 1875 2545; x_wconf 78' lang='lat' dir='ltr'><strong>Bagnalis</strong></span> <span class='ocrx_word' id='word_1_37' title='bbox 1924 2456 2417 2523; x_wconf 78' lang='lat' dir='ltr'><strong>castrametatoris</strong></span> <span class='ocrx_word' id='word_1_38' title='bbox 2460 2477 2669 2521; x_wconf 89' lang='lat' dir='ltr'><strong>necem</strong></span> <span class='ocrx_word' id='word_1_39' title='bbox 2722 2463 2893 2541; x_wconf 84' lang='lat' dir='ltr'><strong>gesta</strong></span> <span class='ocrx_word' id='word_1_40' title='bbox 2950 2463 3111 2537; x_wconf 91' lang='lat' dir='ltr'><strong>sunt,</strong></span> <span class='ocrx_word' id='word_1_41' title='bbox 3155 2456 3275 2521; x_wconf 88' lang='lat' dir='ltr'><strong>hoc</strong></span> 
     </span>
     <span class='ocr_line' id='line_1_7' title="bbox 881 2540 1468 2611; baseline 0.01 -6"><span class='ocrx_word' id='word_1_42' title='bbox 881 2540 1038 2608; x_wconf 89' lang='lat' dir='ltr'><strong>libro</strong></span> <span class='ocrx_word' id='word_1_43' title='bbox 1067 2545 1468 2611; x_wconf 84' lang='lat' dir='ltr'><strong>continentur.</strong></span> 
     </span>
    </p>
   </div>
   <div class='ocr_carea' id='block_1_5' title="bbox 1922 2935 2204 3003">
    <p class='ocr_par' dir='ltr' id='par_1_5' title="bbox 1922 2935 2204 3003">
     <span class='ocr_line' id='line_1_8' title="bbox 1922 2935 2204 3003; baseline -0.004 0"><span class='ocrx_word' id='word_1_44' title='bbox 1922 2936 2103 3003; x_wconf 74' lang='lat' dir='ltr'><strong>CAP.</strong></span> <span class='ocrx_word' id='word_1_45' title='bbox 2148 2935 2204 3002; x_wconf 93' lang='grc' dir='ltr'><strong>Ι.</strong></span> 
     </span>
    </p>
   </div>
   <div class='ocr_carea' id='block_1_6' title="bbox 934 3123 3209 3199">
    <p class='ocr_par' dir='ltr' id='par_1_6' title="bbox 934 3123 3209 3199">
     <span class='ocr_line' id='line_1_9' title="bbox 934 3123 3209 3199; baseline 0 -18"><span class='ocrx_word' id='word_1_46' title='bbox 934 3128 1210 3181; x_wconf 78' lang='lat' dir='ltr'><strong>Henricus</strong></span> <span class='ocrx_word' id='word_1_47' title='bbox 1234 3127 1446 3199; x_wconf 74' lang='lat' dir='ltr'><strong>Bsgnal</strong></span> <span class='ocrx_word' id='word_1_48' title='bbox 1469 3127 1798 3183; x_wconf 69' lang='lat' dir='ltr'><strong>Ardmachae</strong></span> <span class='ocrx_word' id='word_1_49' title='bbox 1823 3127 1935 3181; x_wconf 80' lang='lat' dir='ltr'><strong>fert</strong></span> <span class='ocrx_word' id='word_1_50' title='bbox 1958 3142 2135 3197; x_wconf 84' lang='lat' dir='ltr'><strong>opem,</strong></span> <span class='ocrx_word' id='word_1_51' title='bbox 2159 3132 2216 3179; x_wconf 90' lang='lat' dir='ltr'><strong>et</strong></span> <span class='ocrx_word' id='word_1_52' title='bbox 2239 3124 2296 3178; x_wconf 84' lang='lat' dir='ltr'><strong>in</strong></span> <span class='ocrx_word' id='word_1_53' title='bbox 2325 3123 2543 3180; x_wconf 86' lang='lat' dir='ltr'><strong>O’Nelli</strong></span> <span class='ocrx_word' id='word_1_54' title='bbox 2570 3133 2753 3180; x_wconf 71' lang='lat' dir='ltr'><strong>castra</strong></span> <span class='ocrx_word' id='word_1_55' title='bbox 2773 3126 2907 3180; x_wconf 70' lang='lat' dir='ltr'><strong>facit</strong></span> <span class='ocrx_word' id='word_1_56' title='bbox 2930 3126 3209 3199; x_wconf 84' lang='lat' dir='ltr'><strong>impetum.</strong></span> 
     </span>
    </p>
   </div>
   <div class='ocr_carea' id='block_1_7' title="bbox 871 3312 3271 4621">
    <p class='ocr_par' dir='ltr' id='par_1_7' title="bbox 873 3312 3271 4099">
     <span class='ocr_line' id='line_1_10' title="bbox 887 3312 3271 3401; baseline 0.002 -22"><span class='ocrx_word' id='word_1_57' title='bbox 887 3313 1169 3379; x_wconf 68' lang='lat' dir='ltr'><strong>Mommo</strong></span> <span class='ocrx_word' id='word_1_58' title='bbox 1214 3312 1508 3400; x_wconf 87' lang='lat' dir='ltr'><strong>Burugho</strong></span> <span class='ocrx_word' id='word_1_59' title='bbox 1563 3314 1823 3380; x_wconf 78' lang='lat' dir='ltr'><strong>Thomas</strong></span> <span class='ocrx_word' id='word_1_60' title='bbox 1881 3312 2193 3378; x_wconf 84' lang='lat' dir='ltr'><strong>Buttlerus</strong></span> <span class='ocrx_word' id='word_1_61' title='bbox 2230 3319 2631 3399; x_wconf 84' lang='lat' dir='ltr'><strong>cognomento</strong></span> <span class='ocrx_word' id='word_1_62' title='bbox 2688 3312 2901 3401; x_wconf 85' lang='lat' dir='ltr'><strong>Niger,</strong></span> <span class='ocrx_word' id='word_1_63' title='bbox 2960 3315 3271 3384; x_wconf 79' lang='lat' dir='ltr'><strong>Urmoniae</strong></span> 
     </span>
     <span class='ocr_line' id='line_1_11' title="bbox 881 3400 3271 3486; baseline 0.002 -19"><span class='ocrx_word' id='word_1_64' title='bbox 881 3422 1078 3467; x_wconf 89' lang='lat' dir='ltr'><strong>comes</strong></span> <span class='ocrx_word' id='word_1_65' title='bbox 1129 3400 1384 3467; x_wconf 87' lang='lat' dir='ltr'><strong>Ibemus</strong></span> <span class='ocrx_word' id='word_1_66' title='bbox 1441 3401 1590 3485; x_wconf 86' lang='lat' dir='ltr'><strong>regii</strong></span> <span class='ocrx_word' id='word_1_67' title='bbox 1645 3400 1937 3465; x_wconf 81' lang='lat' dir='ltr'><strong>exercitus</strong></span> <span class='ocrx_word' id='word_1_68' title='bbox 1984 3400 2305 3486; x_wconf 79' lang='lat' dir='ltr'><strong>imperator</strong></span> <span class='ocrx_word' id='word_1_69' title='bbox 2354 3401 2652 3465; x_wconf 58' lang='lat' dir='ltr'><strong>creatum*</strong></span> <span class='ocrx_word' id='word_1_70' title='bbox 2736 3401 3005 3467; x_wconf 81' lang='lat' dir='ltr'><strong>Adamus</strong></span> <span class='ocrx_word' id='word_1_71' title='bbox 3048 3403 3271 3472; x_wconf 84' lang='lat' dir='ltr'><strong>Loftus</strong></span> 
     </span>
     <span class='ocr_line' id='line_1_12' title="bbox 881 3486 3269 3575; baseline 0.002 -22"><span class='ocrx_word' id='word_1_72' title='bbox 881 3487 1137 3554; x_wconf 80' lang='lat' dir='ltr'><strong>Iberniae</strong></span> <span class='ocrx_word' id='word_1_73' title='bbox 1166 3486 1626 3567; x_wconf 75' lang='lat' dir='ltr'><strong>Chancellarius,</strong></span> <span class='ocrx_word' id='word_1_74' title='bbox 1656 3494 1718 3552; x_wconf 90' lang='lat' dir='ltr'><strong>et</strong></span> <span class='ocrx_word' id='word_1_75' title='bbox 1745 3486 2045 3552; x_wconf 85' lang='lat' dir='ltr'><strong>Robertus</strong></span> <span class='ocrx_word' id='word_1_76' title='bbox 2077 3486 2439 3551; x_wconf 77' lang='lat' dir='ltr'><strong>Gardinerus</strong></span> <span class='ocrx_word' id='word_1_77' title='bbox 2491 3487 2696 3573; x_wconf 85' lang='lat' dir='ltr'><strong>judex,</strong></span> <span class='ocrx_word' id='word_1_78' title='bbox 2770 3489 2993 3575; x_wconf 77' lang='lat' dir='ltr'><strong>rol-egis</strong></span> <span class='ocrx_word' id='word_1_79' title='bbox 3022 3513 3269 3559; x_wconf 88' lang='lat' dir='ltr'><strong>munere</strong></span> 
     </span>
     <span class='ocr_line' id='line_1_13' title="bbox 879 3574 3269 3663; baseline 0.002 -23"><span class='ocrx_word' id='word_1_80' title='bbox 879 3575 1257 3661; x_wconf 84' lang='lat' dir='ltr'><strong>funguntur3</strong></span> <span class='ocrx_word' id='word_1_81' title='bbox 1290 3596 1544 3660; x_wconf 88' lang='lat' dir='ltr'><strong>quorum</strong></span> <span class='ocrx_word' id='word_1_82' title='bbox 1572 3582 1839 3659; x_wconf 87' lang='lat' dir='ltr'><strong>tempore</strong></span> <span class='ocrx_word' id='word_1_83' title='bbox 1868 3596 1962 3638; x_wconf 90' lang='lat' dir='ltr'><strong>res</strong></span> <span class='ocrx_word' id='word_1_84' title='bbox 1990 3574 2184 3652; x_wconf 83' lang='lat' dir='ltr'><strong>variae,</strong></span> <span class='ocrx_word' id='word_1_85' title='bbox 2218 3574 2491 3659; x_wconf 88' lang='lat' dir='ltr'><strong>scituque</strong></span> <span class='ocrx_word' id='word_1_86' title='bbox 2518 3576 2727 3639; x_wconf 84' lang='lat' dir='ltr'><strong>minim</strong></span> <span class='ocrx_word' id='word_1_87' title='bbox 2790 3576 3055 3662; x_wconf 85' lang='lat' dir='ltr'><strong>indignoe</strong></span> <span class='ocrx_word' id='word_1_88' title='bbox 3084 3586 3269 3663; x_wconf 82' lang='lat' dir='ltr'><strong>gestoe</strong></span> 
     </span>
     <span class='ocr_line' id='line_1_14' title="bbox 880 3660 3267 3747; baseline 0.002 -20"><span class='ocrx_word' id='word_1_89' title='bbox 880 3669 1042 3727; x_wconf 89' lang='lat' dir='ltr'><strong>sunt.</strong></span> <span class='ocrx_word' id='word_1_90' title='bbox 1132 3660 1426 3727; x_wconf 86' lang='lat' dir='ltr'><strong>O’Nellus</strong></span> <span class='ocrx_word' id='word_1_91' title='bbox 1455 3684 1595 3726; x_wconf 90' lang='lat' dir='ltr'><strong>cum</strong></span> <span class='ocrx_word' id='word_1_92' title='bbox 1623 3660 1977 3727; x_wconf 70' lang='lat' dir='ltr'><strong>Ardmachae</strong></span> <span class='ocrx_word' id='word_1_93' title='bbox 2005 3660 2347 3747; x_wconf 83' lang='lat' dir='ltr'><strong>praesidium</strong></span> <span class='ocrx_word' id='word_1_94' title='bbox 2368 3662 2533 3725; x_wconf 88' lang='lat' dir='ltr'><strong>victu</strong></span> <span class='ocrx_word' id='word_1_95' title='bbox 2561 3662 2829 3747; x_wconf 81' lang='lat' dir='ltr'><strong>indigere</strong></span> <span class='ocrx_word' id='word_1_96' title='bbox 2856 3662 3267 3747; x_wconf 78' lang='lat' dir='ltr'><strong>intellexisset,</strong></span> 
     </span>
     <span class='ocr_line' id='line_1_15' title="bbox 876 3746 3267 3834; baseline 0.003 -21"><span class='ocrx_word' id='word_1_97' title='bbox 876 3748 967 3813; x_wconf 84' lang='lat' dir='ltr'><strong>illi</strong></span> <span class='ocrx_word' id='word_1_98' title='bbox 995 3754 1390 3815; x_wconf 83' lang='lat' dir='ltr'><strong>commeatum</strong></span> <span class='ocrx_word' id='word_1_99' title='bbox 1417 3748 1810 3815; x_wconf 76' lang='lat' dir='ltr'><strong>intercludere</strong></span> <span class='ocrx_word' id='word_1_100' title='bbox 1856 3748 2133 3818; x_wconf 82' lang='lat' dir='ltr'><strong>statuit.†</strong></span> <span class='ocrx_word' id='word_1_101' title='bbox 2220 3747 2375 3811; x_wconf 88' lang='lat' dir='ltr'><strong>Vere</strong></span> <span class='ocrx_word' id='word_1_102' title='bbox 2406 3770 2477 3811; x_wconf 86' lang='lat' dir='ltr'><strong>ex</strong></span> <span class='ocrx_word' id='word_1_103' title='bbox 2494 3746 2774 3834; x_wconf 83' lang='lat' dir='ltr'><strong>hybernis</strong></span> <span class='ocrx_word' id='word_1_104' title='bbox 2804 3759 3045 3815; x_wconf 84' lang='lat' dir='ltr'><strong>evocato</strong></span> <span class='ocrx_word' id='word_1_105' title='bbox 3076 3753 3267 3820; x_wconf 82' lang='lat' dir='ltr'><strong>milite</strong></span> 
     </span>
     <span class='ocr_line' id='line_1_16' title="bbox 875 3832 3266 4007; baseline 0.002 -20"><span class='ocrx_word' id='word_1_106' title='bbox 875 3832 3266 4007; x_wconf 41' lang='lat' dir='ltr'><strong>fflsfflffifflss{3532ssssss555112252‘1152523233322213</strong></span> 
     </span>
     <span class='ocr_line' id='line_1_17' title="bbox 873 4006 3261 4099; baseline -0.001 -25"><span class='ocrx_word' id='word_1_107' title='bbox 873 4010 1199 4095; x_wconf 85' lang='lat' dir='ltr'><strong>petendum</strong></span> <span class='ocrx_word' id='word_1_108' title='bbox 1227 4008 1619 4074; x_wconf 81' lang='lat' dir='ltr'><strong>existimabat.</strong></span> <span class='ocrx_word' id='word_1_109' title='bbox 1707 4009 1805 4074; x_wconf 88' lang='lat' dir='ltr'><strong>Ad</strong></span> <span class='ocrx_word' id='word_1_110' title='bbox 1836 4008 2235 4073; x_wconf 79' lang='lat' dir='ltr'><strong>Ardmacham</strong></span> <span class='ocrx_word' id='word_1_111' title='bbox 2262 4006 2621 4073; x_wconf 83' lang='lat' dir='ltr'><strong>cormakum</strong></span> <span class='ocrx_word' id='word_1_112' title='bbox 2650 4010 2892 4074; x_wconf 85' lang='lat' dir='ltr'><strong>fratrem</strong></span> <span class='ocrx_word' id='word_1_113' title='bbox 2920 4033 3058 4077; x_wconf 89' lang='lat' dir='ltr'><strong>cum</strong></span> <span class='ocrx_word' id='word_1_114' title='bbox 3086 4014 3261 4099; x_wconf 76' lang='lat' dir='ltr'><strong>quin·</strong></span> 
     </span>
    </p>

    <p class='ocr_par' dir='ltr' id='par_1_8' title="bbox 871 4094 3263 4621">
     <span class='ocr_line' id='line_1_18' title="bbox 952 4094 3258 4181; baseline 0.002 -19"><span class='ocrx_word' id='word_1_115' title='bbox 952 4096 1073 4162; x_wconf 85' lang='lat' dir='ltr'><strong>ntis</strong></span> <span class='ocrx_word' id='word_1_116' title='bbox 1129 4094 1441 4174; x_wconf 86' lang='lat' dir='ltr'><strong>militibus,</strong></span> <span class='ocrx_word' id='word_1_117' title='bbox 1489 4103 1561 4160; x_wconf 92' lang='lat' dir='ltr'><strong>ut</strong></span> <span class='ocrx_word' id='word_1_118' title='bbox 1617 4094 2009 4181; x_wconf 81' lang='lat' dir='ltr'><strong>praesidiarios</strong></span> <span class='ocrx_word' id='word_1_119' title='bbox 2067 4094 2479 4181; x_wconf 82' lang='lat' dir='ltr'><strong>eruptionibus</strong></span> <span class='ocrx_word' id='word_1_120' title='bbox 2536 4096 2865 4181; x_wconf 82' lang='lat' dir='ltr'><strong>prohibeat,</strong></span> <span class='ocrx_word' id='word_1_121' title='bbox 2926 4100 3258 4169; x_wconf 80' lang='lat' dir='ltr'><strong>constituit.</strong></span> 
     </span>
     <span class='ocr_line' id='line_1_19' title="bbox 874 4119 3263 4267; baseline 0.002 -18"><span class='ocrx_word' id='word_1_122' title='bbox 874 4119 1180 4249; x_wconf 52' lang='lat' dir='ltr'><strong>ffenricus</strong></span> <span class='ocrx_word' id='word_1_123' title='bbox 1237 4181 1470 4267; x_wconf 73' lang='lat' dir='ltr'><strong>Bagnal</strong></span> <span class='ocrx_word' id='word_1_124' title='bbox 1527 4183 1764 4267; x_wconf 83' lang='lat' dir='ltr'><strong>Anglus</strong></span> <span class='ocrx_word' id='word_1_125' title='bbox 1822 4204 2002 4267; x_wconf 87' lang='lat' dir='ltr'><strong>eques</strong></span> <span class='ocrx_word' id='word_1_126' title='bbox 2060 4188 2321 4261; x_wconf 53' lang='lat' dir='ltr'><strong>auratus„</strong></span> <span class='ocrx_word' id='word_1_127' title='bbox 2383 4181 2640 4248; x_wconf 80' lang='lat' dir='ltr'><strong>Iberniae</strong></span> <span class='ocrx_word' id='word_1_128' title='bbox 2699 4190 3141 4251; x_wconf 80' lang='lat' dir='ltr'><strong>castrametator</strong></span> <span class='ocrx_word' id='word_1_129' title='bbox 3198 4198 3263 4254; x_wconf 92' lang='lat' dir='ltr'><strong>et</strong></span> 
     </span>
     <span class='ocr_line' id='line_1_20' title="bbox 872 4267 3261 4361; baseline 0.003 -27"><span class='ocrx_word' id='word_1_130' title='bbox 872 4269 1138 4336; x_wconf 84' lang='lat' dir='ltr'><strong>Ultoniae</strong></span> <span class='ocrx_word' id='word_1_131' title='bbox 1192 4270 1506 4357; x_wconf 72' lang='lat' dir='ltr'><strong>praefectus</strong></span> <span class='ocrx_word' id='word_1_132' title='bbox 1564 4267 1819 4334; x_wconf 78' lang='lat' dir='ltr'><strong>obsessis</strong></span> <span class='ocrx_word' id='word_1_133' title='bbox 1875 4269 2177 4354; x_wconf 85' lang='lat' dir='ltr'><strong>suppetias</strong></span> <span class='ocrx_word' id='word_1_134' title='bbox 2232 4268 2363 4333; x_wconf 88' lang='lat' dir='ltr'><strong>iens</strong></span> <span class='ocrx_word' id='word_1_135' title='bbox 2419 4291 2557 4333; x_wconf 89' lang='lat' dir='ltr'><strong>cum</strong></span> <span class='ocrx_word' id='word_1_136' title='bbox 2624 4268 2973 4336; x_wconf 80' lang='lat' dir='ltr'><strong>cohortibus</strong></span> <span class='ocrx_word' id='word_1_137' title='bbox 3042 4274 3261 4361; x_wconf 80' lang='lat' dir='ltr'><strong>viginti</strong></span> 
     </span>
     <span class='ocr_line' id='line_1_21' title="bbox 872 4355 3257 4442; baseline 0.002 -21"><span class='ocrx_word' id='word_1_138' title='bbox 872 4365 1130 4442; x_wconf 79' lang='lat' dir='ltr'><strong>quatuor</strong></span> <span class='ocrx_word' id='word_1_139' title='bbox 1157 4364 1218 4423; x_wconf 90' lang='lat' dir='ltr'><strong>et</strong></span> <span class='ocrx_word' id='word_1_140' title='bbox 1239 4357 1507 4441; x_wconf 85' lang='lat' dir='ltr'><strong>equitum</strong></span> <span class='ocrx_word' id='word_1_141' title='bbox 1535 4356 1747 4420; x_wconf 86' lang='lat' dir='ltr'><strong>turmis</strong></span> <span class='ocrx_word' id='word_1_142' title='bbox 1779 4355 1979 4421; x_wconf 85' lang='lat' dir='ltr'><strong>decem</strong></span> <span class='ocrx_word' id='word_1_143' title='bbox 2011 4355 2153 4421; x_wconf 87' lang='lat' dir='ltr'><strong>Iure</strong></span> <span class='ocrx_word' id='word_1_144' title='bbox 2180 4355 2611 4441; x_wconf 84' lang='lat' dir='ltr'><strong>proficiscitur:</strong></span> <span class='ocrx_word' id='word_1_145' title='bbox 2684 4378 2764 4421; x_wconf 92' lang='lat' dir='ltr'><strong>uo</strong></span> <span class='ocrx_word' id='word_1_146' title='bbox 2794 4380 2934 4423; x_wconf 87' lang='lat' dir='ltr'><strong>cum</strong></span> <span class='ocrx_word' id='word_1_147' title='bbox 2960 4357 3104 4424; x_wconf 88' lang='lat' dir='ltr'><strong>O&#39;N</strong></span> <span class='ocrx_word' id='word_1_148' title='bbox 3108 4361 3257 4427; x_wconf 88' lang='lat' dir='ltr'><strong>ellus</strong></span> 
     </span>
     <span class='ocr_line' id='line_1_22' title="bbox 873 4440 3257 4531; baseline 0.002 -23"><span class='ocrx_word' id='word_1_149' title='bbox 873 4445 1021 4529; x_wconf 90' lang='lat' dir='ltr'><strong>quin</strong></span> <span class='ocrx_word' id='word_1_150' title='bbox 1063 4445 1129 4509; x_wconf 92' lang='lat' dir='ltr'><strong>in</strong></span> <span class='ocrx_word' id='word_1_151' title='bbox 1173 4444 1307 4531; x_wconf 89' lang='lat' dir='ltr'><strong>ipso</strong></span> <span class='ocrx_word' id='word_1_152' title='bbox 1355 4444 1567 4509; x_wconf 87' lang='lat' dir='ltr'><strong>itinere</strong></span> <span class='ocrx_word' id='word_1_153' title='bbox 1617 4442 1982 4529; x_wconf 82' lang='lat' dir='ltr'><strong>confligeret,</strong></span> <span class='ocrx_word' id='word_1_154' title='bbox 2032 4464 2161 4507; x_wconf 89' lang='lat' dir='ltr'><strong>non</strong></span> <span class='ocrx_word' id='word_1_155' title='bbox 2216 4440 2547 4508; x_wconf 81' lang='lat' dir='ltr'><strong>dubitabat.</strong></span> <span class='ocrx_word' id='word_1_156' title='bbox 2736 4450 2931 4509; x_wconf 83' lang='lat' dir='ltr'><strong>terum</strong></span> <span class='ocrx_word' id='word_1_157' title='bbox 2990 4445 3257 4517; x_wconf 81' lang='lat' dir='ltr'><strong>Quintus</strong></span> 
     </span>
     <span class='ocr_line' id='line_1_23' title="bbox 871 4529 3255 4621; baseline 0.003 -27"><span class='ocrx_word' id='word_1_158' title='bbox 871 4530 1118 4597; x_wconf 88' lang='lat' dir='ltr'><strong>O’Nelli</strong></span> <span class='ocrx_word' id='word_1_159' title='bbox 1143 4530 1302 4597; x_wconf 88' lang='lat' dir='ltr'><strong>filius</strong></span> <span class='ocrx_word' id='word_1_160' title='bbox 1343 4530 1585 4610; x_wconf 86' lang='lat' dir='ltr'><strong>nothus,</strong></span> <span class='ocrx_word' id='word_1_161' title='bbox 1616 4530 1722 4616; x_wconf 90' lang='lat' dir='ltr'><strong>qui</strong></span> <span class='ocrx_word' id='word_1_162' title='bbox 1769 4530 1927 4617; x_wconf 80' lang='lat' dir='ltr'><strong>patri</strong></span> <span class='ocrx_word' id='word_1_163' title='bbox 1972 4530 2160 4596; x_wconf 76' lang='lat' dir='ltr'><strong>iratus</strong></span> <span class='ocrx_word' id='word_1_164' title='bbox 2202 4529 2406 4616; x_wconf 81' lang='lat' dir='ltr'><strong>paucis</strong></span> <span class='ocrx_word' id='word_1_165' title='bbox 2456 4536 2593 4595; x_wconf 81' lang='lat' dir='ltr'><strong>ante</strong></span> <span class='ocrx_word' id='word_1_166' title='bbox 2644 4530 2853 4596; x_wconf 88' lang='lat' dir='ltr'><strong>diebus</strong></span> <span class='ocrx_word' id='word_1_167' title='bbox 2904 4530 2982 4597; x_wconf 81' lang='lat' dir='ltr'><strong>ad</strong></span> <span class='ocrx_word' id='word_1_168' title='bbox 3022 4534 3255 4621; x_wconf 79' lang='lat' dir='ltr'><strong>Anglos</strong></span> 
     </span>
    </p>
   </div>
   <div class='ocr_carea' id='block_1_8' title="bbox 940 4734 3199 4879">
    <p class='ocr_par' dir='ltr' id='par_1_9' title="bbox 940 4734 3199 4879">
     <span class='ocr_line' id='line_1_24' title="bbox 941 4734 2065 4808; baseline 0.001 -20"><span class='ocrx_word' id='word_1_169' title='bbox 941 4738 968 4763; x_wconf 76' lang='grc'><strong><em>*</em></strong></span> <span class='ocrx_word' id='word_1_170' title='bbox 1004 4734 1320 4791; x_wconf 83' lang='lat' dir='ltr'><strong>November</strong></span> <span class='ocrx_word' id='word_1_171' title='bbox 1347 4739 1432 4801; x_wconf 76' lang='lat'><strong>1⁵,</strong></span> <span class='ocrx_word' id='word_1_172' title='bbox 1461 4736 1594 4795; x_wconf 81' lang='lat'>1597</span> <span class='ocrx_word' id='word_1_173' title='bbox 1620 4736 1835 4800; x_wconf 85' lang='lat' dir='ltr'><strong>-Oox‚</strong></span> <span class='ocrx_word' id='word_1_174' title='bbox 1858 4754 1912 4808; x_wconf 88' lang='lat' dir='ltr'><strong>p.</strong></span> <span class='ocrx_word' id='word_1_175' title='bbox 1939 4738 2065 4790; x_wconf 80' lang='lat'>414.</span> 
     </span>
     <span class='ocr_line' id='line_1_25' title="bbox 940 4804 3199 4879; baseline 0.003 -20"><span class='ocrx_word' id='word_1_176' title='bbox 940 4812 978 4867; x_wconf 81' lang='lat'>†</span> <span class='ocrx_word' id='word_1_177' title='bbox 1012 4805 1129 4860; x_wconf 74' lang='lat' dir='ltr'><strong>For</strong></span> <span class='ocrx_word' id='word_1_178' title='bbox 1151 4806 1531 4863; x_wconf 70' lang='lat' dir='ltr'><strong>inter-mediate</strong></span> <span class='ocrx_word' id='word_1_179' title='bbox 1553 4808 1945 4879; x_wconf 72' lang='lat' dir='ltr'><strong>negociations,</strong></span> <span class='ocrx_word' id='word_1_180' title='bbox 1968 4824 2057 4861; x_wconf 77' lang='lat' dir='ltr'><strong>see</strong></span> <span class='ocrx_word' id='word_1_181' title='bbox 2081 4805 2236 4862; x_wconf 78' lang='lat' dir='ltr'><strong>Four</strong></span> <span class='ocrx_word' id='word_1_182' title='bbox 2260 4805 2518 4867; x_wconf 61' lang='lat' dir='ltr'><strong>Mateta,</strong></span> <span class='ocrx_word' id='word_1_183' title='bbox 2542 4820 2594 4875; x_wconf 86' lang='lat' dir='ltr'><strong>p.</strong></span> <span class='ocrx_word' id='word_1_184' title='bbox 2622 4808 2801 4873; x_wconf 72' lang='lat'><strong>20253</strong></span> <span class='ocrx_word' id='word_1_185' title='bbox 2830 4804 2967 4873; x_wconf 71' lang='grc' dir='ltr'><strong>σοι,</strong></span> <span class='ocrx_word' id='word_1_186' title='bbox 2992 4824 3047 4879; x_wconf 86' lang='lat' dir='ltr'><strong>p.</strong></span> <span class='ocrx_word' id='word_1_187' title='bbox 3070 4812 3199 4865; x_wconf 75' lang='lat'><strong>414.</strong></span> 
     </span>
    </p>
   </div>
   <div class='ocr_carea' id='block_1_9' title="bbox 3607 0 3616 545">
    <p class='ocr_par' dir='ltr' id='par_1_10' title="bbox 3607 0 3616 545">
     <span class='ocr_line' id='line_1_26' title="bbox 3607 0 3616 545; baseline 0 0"><span class='ocrx_word' id='word_1_188' title='bbox 3607 0 3616 545; x_wconf 95' lang='lat' dir='ltr'><strong> </strong></span> 
     </span>
    </p>
   </div>
   <div class='ocr_carea' id='block_1_10' title="bbox 3606 1902 3619 2687">
    <p class='ocr_par' dir='ltr' id='par_1_11' title="bbox 3606 1902 3619 2687">
     <span class='ocr_line' id='line_1_27' title="bbox 3606 1902 3619 2687; baseline 0 0"><span class='ocrx_word' id='word_1_189' title='bbox 3606 1902 3619 2687; x_wconf 95' lang='lat' dir='ltr'><strong> </strong></span> 
     </span>
    </p>
   </div>
   <div class='ocr_carea' id='block_1_11' title="bbox 3608 3998 3615 4511">
    <p class='ocr_par' dir='ltr' id='par_1_12' title="bbox 3608 3998 3615 4511">
     <span class='ocr_line' id='line_1_28' title="bbox 3608 3998 3615 4511; baseline 0 0"><span class='ocrx_word' id='word_1_190' title='bbox 3608 3998 3615 4511; x_wconf 95' lang='lat' dir='ltr'><strong> </strong></span> 
     </span>
    </p>
   </div>
   <div class='ocr_carea' id='block_1_12' title="bbox 3599 3998 3625 5775">
    <p class='ocr_par' dir='ltr' id='par_1_13' title="bbox 3599 3998 3625 5775">
     <span class='ocr_line' id='line_1_29' title="bbox 3599 3998 3625 5775; baseline 0 0"><span class='ocrx_word' id='word_1_191' title='bbox 3599 3998 3625 5775; x_wconf 95' lang='lat' dir='ltr'><strong> </strong></span> 
     </span>
    </p>
   </div>
  </div>
 </body>
</html>
