3634 5842
831 718 976 784 xviii

1878 739 2176 788 PRBPAGE.

1087 890 1521 959 O’Sullevanus
1551 893 1744 960 titulis
1773 892 2187 961 celeberrimus
2213 897 2407 978 heros,

1176 997 1373 1072 Quem
1401 1000 1544 1066 colit
1571 999 1935 1087 intrepidum
1962 1000 2082 1066 fida
2108 1001 2329 1070 Bearra
2356 1003 2587 1073 ducem.

1091 1107 1466 1194 Dermysium
1495 1109 1724 1195 peperit
1752 1131 2098 1195 generosam
2128 1108 2274 1176 Silia
2300 1109 2529 1196 prolem

1172 1215 1318 1303 Ipsa
1347 1215 1658 1282 Giraldino
1685 1217 1927 1283 nomine
1956 1222 2101 1283 nota
2127 1237 2360 1304 parens.

1088 1319 1202 1386 me
1232 1319 1471 1405 quidem
1503 1319 1690 1386 valuit
1717 1319 1978 1387 multum
2004 1321 2096 1388 vir
2124 1328 2403 1388 strenuus
2431 1321 2610 1390 armis

1174 1425 1288 1492 Ille
1317 1425 1556 1513 quidem
1583 1429 1743 1494 terra
1767 1427 2049 1516 praestitit
2077 1435 2255 1514 atque
2275 1429 2443 1509 mari,

1088 1534 1284 1614 Solus,
1313 1523 1802 1623 principibusque
1832 1535 2013 1602 etiam
2040 1537 2395 1624 conjunctus
2424 1535 2663 1602 Ibernis

1165 1642 1208 1707 J
1209 1665 1306 1708 am
1333 1665 1499 1708 soror
1526 1643 1669 1709 hinc
1698 1641 1934 1709 Helena
1960 1665 2165 1710 rursus
2202 1665 2335 1710 mea
2362 1653 2552 1731 nupta
2578 1645 2789 1712 marito

1082 1750 1249 1815 Dum
1275 1752 1526 1837 patriam
1553 1754 1768 1840 repetit
1795 1753 2130 1840 mergitur
2111 1775 2241 1839 ipsa
2268 1755 2440 1835 mari3

1168 1857 1430 1944 Eloquio
1461 1861 1676 1940 suavis,
1707 1860 1949 1946 pietate,
1971 1861 2200 1946 pudore
2228 1860 2534 1948 probanda

1085 1963 1510 2050 Praeditaque
1489 1967 1768 2052 ingenuis
1796 1965 2063 2032 moribus
2092 1967 2195 2034 illa
2221 1969 2357 2033 fuit.

1172 2071 1337 2140 Hinc
1364 2073 1582 2160 placidi
1609 2081 1887 2161 expertus
1915 2075 2195 2162 lugubria
2215 2077 2427 2144 funera
2452 2080 2637 2165 patris

1080 2179 1242 2246 Vitae
1267 2203 1365 2246 me
1393 2182 1550 2247 sensi
1578 2189 1744 2268 parte
1773 2204 1971 2248 carere
1998 2205 2164 2249 meoe.

1169 2285 1518 2375 Dermysius
1546 2289 1778 2375 generis
1807 2289 2001 2354 clarus
2028 2289 2265 2376 fulgore
2289 2289 2528 2372 vetusti,

1085 2393 1285 2461 Factis
1311 2393 1588 2476 illustrat,
1619 2395 2017 2482 nobilitatque
2046 2419 2258 2483 genus.

1171 2499 1375 2566 Gessit
1401 2501 1469 2567 in
1496 2501 1866 2588 Angligenas
1895 2501 2051 2568 bella
2076 2507 2323 2569 cruenta
2349 2500 2475 2569 diu.

1084 2607 1254 2693 Soepe
1281 2613 1478 2674 truces
1505 2607 1642 2682 fidei
1671 2609 1816 2674 vicit
1842 2608 2113 2676 faeliciter
2136 2609 2360 2689 hostes,

1165 2716 1538 2803 Ingenioque
1568 2739 1769 2804 sagax,
1800 2717 2196 2804 egregiusque
2224 2739 2429 2785 manu.

1084 2825 1183 2892 Sic
1209 2849 1407 2893 comes
1435 2828 1598 2894 hunc
1623 2828 1899 2894 comitem
1930 2827 2226 2894 bellorum
2252 2849 2410 2916 saepe
2438 2827 2693 2894 Giraldu

1166 2935 1320 3022 Ejus
1347 2941 1411 3001 et
1438 2935 1714 3001 eximiam
1745 2934 1991 3000 sustulit
2019 2957 2121 3001 ore
2160 2935 2362 3000 fidem.

1083 3042 1226 3128 Ipse
1253 3041 1348 3107 sui
1375 3043 1574 3107 fratris
1605 3039 1822 3106 dilecto
1850 3042 1917 3106 in
1944 3041 2148 3127 praelio
2176 3047 2321 3106 nato

1169 3145 1599 3232 Auxiliumque
1627 3145 1792 3227 tulit,
1819 3145 2252 3230 consiliumque
2282 3143 2467 3211 dedit.

1083 3253 1256 3320 Ostia
1280 3253 1566 3319 victorem
1595 3251 1876 3318 viderunt
1903 3250 2099 3339 ampla
2129 3251 2384 3329 Sininni,

1164 3361 1578 3449 Impavidique
1605 3366 1850 3447 stupent
1875 3360 2057 3426 fortia
2083 3360 2239 3425 facta
2266 3359 2437 3425 ducis

1077 3469 1220 3536 Una
1247 3473 1456 3536 vectus
1485 3489 1563 3534 eo
1591 3467 1748 3533 ferro
1776 3467 2046 3558 fulgente
2073 3468 2332 3543 trireme,

1162 3576 1271 3642 Bis
1300 3581 1526 3662 septem
1555 3579 1809 3642 armatas
1838 3573 2103 3661 propulit
2130 3573 2231 3639 ille
2260 3579 2434 3639 rates.

1079 3686 1326 3754 Scandit
1355 3692 1416 3750 et
1443 3683 1807 3772 armipotens
1836 3681 2143 3750 Ochelliea
2170 3682 2384 3748 maenia
2411 3681 2625 3746 ductor

1163 3791 1388 3859 Hostes
1415 3797 1736 3858 contentus
1765 3792 2021 3870 vincere,
2048 3791 2274 3878 spernit
2303 3811 2481 3876 opes:

1077 3899 1362 3986 Laetaque
1390 3897 1666 3986 planities
1701 3898 2021 3982 (Acherem
2052 3896 2252 3962 dixere
2278 3895 2482 3982 prisci)

1154 4005 1517 4073 Connachtae
1544 4009 1713 4072 novit
1741 4007 1943 4099 praelia
1970 4027 2190 4091 magna
2218 4004 2408 4069 ducis.

1087 4115 1276 4180 Hunc
1304 4137 1448 4180 cava
1475 4113 1709 4180 coemlei
1738 4119 1993 4179 testatur
2021 4113 2150 4198 ripa
2176 4111 2357 4176 Feuri

1175 4221 1328 4288 Cum
1359 4220 1570 4309 stygiis
1597 4220 1816 4306 Anglis
1846 4219 2211 4285 conseruisse
2238 4239 2481 4285 manum
2511 4245 2530 4298 3

1093 4329 1342 4414 Singula
1369 4327 1513 4413 quid
1540 4327 1788 4393 referam
1813 4325 2073 4412 longaevi
2102 4331 2270 4412 gesta
2297 4326 2556 4412 parentis

1167 4437 1354 4531 (Sunt
1378 4435 1520 4502 alibi
1549 4435 1675 4501 haec
1703 4433 1903 4522 aliqua
1930 4442 2097 4520 parte
2129 4433 2313 4500 relata
2334 4435 2515 4520 mihi)

1078 4543 1155 4608 ln
1185 4549 1424 4608 centum
1455 4543 1579 4609 vita
1605 4541 1899 4630 producta
1926 4542 2158 4609 circiter
2186 4565 2374 4608 annos

1161 4650 1436 4736 Denique
1458 4653 1582 4738 jam
1612 4652 1776 4716 senio
1807 4650 2071 4716 membra
2100 4651 2335 4718 solutus
2362 4649 2508 4715 obit.

1078 4759 1345 4843 Ossaque
1375 4757 1654 4823 Gallaicae
1683 4759 1837 4844 tegit
1865 4757 2009 4822 urbs
2038 4759 2270 4822 munita
2296 4757 2591 4823 Corunnae

1164 4865 1462 4951 Seraphici
1492 4865 1714 4952 templo
1743 4863 1857 4931 rite
1888 4865 2119 4950 sepulta
2147 4865 2329 4950 patris
