3634 5842
354 759 489 806 car.
520 740 643 826 vn]
736 760 821 806 nr:
850 759 1290 818 sumnum,
1324 758 1559 810 Qumro
1587 759 2078 808 rsnsncu‘noms
2107 736 2397 810 antinno.
2601 747 2724 809 321

352 921 508 966 natos
530 913 601 966 ad
626 911 985 984 colligendam
1007 912 1241 984 ingentis
1263 913 1386 967 seris
1410 929 1705 966 summam:
1746 920 1802 967 et
1824 913 1928 969 hoc
1953 933 2089 972 onus
2111 917 2179 970 ab
2197 917 2264 970 iis
2283 917 2596 988 impositum
2614 931 2729 970 esse

349 983 460 1038 fido
484 983 650 1055 regite
672 982 972 1053 majestatis
1051 984 1235 1054 opulo,
1260 983 1442 1038 colore
1477 982 1721 1038 solvendi
1756 993 2021 1057 sumptus,
2046 995 2102 1041 et
2125 1005 2383 1059 expensas
2408 986 2729 1072 quibusdam

350 1054 2307 1193 iffifflssuizssssdssfflmms,Zuffiei-'issssffimuss’‘S'ffiffiiossssi‘ffissfi‘
2319 1075 2478 1184 55³3?
2501 1059 2731 1198 {3¹:322

352 1196 547 1249 initum
571 1143 825 1279 grimm,
856 1213 963 1266 quo
988 1214 1043 1251 m
1116 1197 1161 1250 's
1201 1196 1370 1251 libere
1411 1145 1729 1268 religibneilx
1752 1215 1906 1252 suam
1932 1200 2111 1254 colere
2133 1202 2360 1272 possint,
2387 1148 2510 1255 cungi
2539 1165 2733 1254 rev’era

350 1266 558 1321 fuerint
581 1284 637 1320 m
662 1265 917 1338 Angliam
935 1215 1370 1322 malignissimo
1394 1267 1542 1339 regis
1564 1266 1793 1338 imperio
1819 1271 2087 1333 accersiti,
2114 1277 2177 1324 ut
2199 1272 2468 1325 rationem
2482 1271 2732 1336 reddant,

354 1337 703 1410 quamobrem
728 1355 762 1390 a
785 1337 1120 1408 parlamento
1145 1345 1337 1410 sponte
1373 1338 1579 1392 fuerint
1620 1339 1842 1410 egressi,
1884 1357 1983 1394 nec
2019 1342 2250 1394 exeundi
2274 1349 2544 1412 potestate
2567 1342 2731 1404 facta,

352 1425 453 1462 nec
468 1407 623 1477 justa
646 1425 809 1462 causa
832 1408 1240 1472 interveniente,
1281 1427 1391 1462 non
1432 1426 1564 1463 vero
1606 1417 1669 1462 ut
1692 1409 1761 1463 de
1782 1409 2047 1481 religione
2070 1418 2254 1482 agant,
2280 1411 2524 1482 quamvis
2547 1413 2732 1467 dolose

351 1479 423 1533 sit
448 1479 552 1534 hoc
587 1478 946 1534 excusationis
986 1480 1281 1543 redditum,
1320 1497 1427 1550 quo
1464 1478 1677 1533 facilius
1701 1481 1867 1552 vulgo
1908 1489 2216 1546 noceretur,
2257 1482 2454 1553 grandi
2493 1483 2734 1552 pecuniae

352 1547 563 1604 summa
586 1548 821 1614 extorta,
848 1549 1005 1619 cujus
1027 1551 1290 1621 majorem
1313 1559 1525 1621 partem
1564 1551 1729 1604 iidem
1770 1553 2100 1616 sacerdotes,
2139 1560 2303 1624 atque
2337 1553 2653 1607 collectores
2675 1553 2734 1606 in

353 1621 605 1692 proprios
628 1638 757 1676 usus
784 1624 873 1690 (ut
895 1622 1139 1692 videtur)
1164 1628 1293 1675 sunt
1305 1622 1652 1676 conversuri:
1690 1622 1944 1693 quoniam
1963 1623 2126 1678 etiam
2141 1631 2224 1678 est
2237 1623 2466 1678 subditis
2483 1623 2738 1690 insolens,

354 1700 517 1764 atque
539 1692 895 1746 intolerabilis
917 1693 1233 1764 arrogantia
1254 1693 1521 1746 tributum
1561 1692 1631 1747 ali
1671 1693 1782 1746 uod
1821 1693 2032 1762 injussu
2071 1695 2308 1766 exigere,
2346 1711 2442 1747 seu
2477 1694 2735 1777 colligere

354 1780 389 1816 a
410 1763 611 1835 populo
636 1763 799 1834 regine
823 1763 1140 1833 majestatis,
1164 1780 1289 1817 cum
1312 1781 1380 1817 ne
1401 1781 1501 1816 rex
1543 1711 1760 1834 quidem
1800 1763 1916 1835 ipse
1958 1764 2131 1819 ullum
2172 1765 2470 1820 subsidium
2513 1763 2737 1836 colligat

352 1833 468 1887 sine
510 1834 998 1897 senatusconsulto,
1035 1834 1314 1905 liberoque
1352 1851 1615 1888 consensu
1652 1834 1822 1889 totius
1845 1835 2155 1906 reipublicq
2177 1835 2362 1908 regni:
2403 1843 2459 1890 et
2482 1836 2736 1906 quoniam

344 1904 561 1974 jamdiu
598 1923 659 1958 re
700 1905 753 1960 ‘a
792 1904 1045 1974 majestas
1086 1905 1251 1960 variis
1292 1905 1483 1959 edictis
1524 1905 1893 1960 immediatam
1933 1907 2278 1961 subditorum
2301 1924 2528 1960 suorum
2551 1907 2607 1960 in
2630 1906 2735 1960 hoc

352 1992 525 2048 regno
550 1983 667 2030 tute
690 1993 779 2031 am
802 1976 903 2029 sibi
928 1993 1081 2030 susce
1120 1976 1183 2040 it,
1207 1993 1306 2030 nos
1332 1975 1575 2046 ejusdem
1596 1975 1761 2048 regie
1784 1977 2086 2047 majestatis
2108 1994 2329 2049 μοι-εκ,
2357 1985 2414 2031 et
2449 1977 2735 2032 consilium

354 2063 422 2102 ex
444 2055 635 2104 nostro
658 2064 900 2109 munere,
925 2055 983 2100 et
1015 2064 1048 2101 ο
1108 2047 1193 2102 cio
1228 2047 1393 2118 regim
1429 2046 1699 2115 majestati
1726 2048 1910 2103 debito
1934 2056 2184 2103 tenemur
2210 2049 2384 2103 dictos
2407 2048 2526 2132 ejus
2549 2049 2605 2102 in
2630 2048 2736 2102 hoc

352 2135 524 2190 regno
548 2118 795 2173 subditos
817 2125 1125 2190 protegere,
1152 2125 1209 2172 et
1230 2117 1335 2171 hoc
1356 2117 1694 2202 gravissimo,
1738 2117 2049 2191 injustoque
2091 2137 2270 2186 onere,
2293 2126 2346 2174 et
2374 2120 2603 2182 tributo,
2629 2137 2736 2190 quo

354 2190 411 2244 lo
487 2208 518 2244 e
542 2207 650 2261 pau
686 2189 893 2244 eriores
916 2189 1036 2242 fieri
1059 2189 1334 2256 videntur,
1360 2205 1624 2243 immunes
1646 2189 1896 2245 reddere.

412 2207 641 2324 nguamo
679 2277 797 2314 rem
818 2260 985 2331 regim
1008 2260 1309 2330 majestatis
1332 2261 1547 2314 nomine
1570 2259 1800 2314 subditis
1825 2260 1941 2331 ejus
1965 2261 2233 2329 omnibus,
2257 2261 2566 2332 populoque
2589 2259 2737 2315 fideli

352 2331 711 2397 declaramus,
737 2338 794 2384 et
818 2331 1167 2402 expandimus
1186 2331 1497 2402 hujusmodi
1517 2331 1870 2400 exactionem,
1887 2333 2266 2394 extortiomm,
2283 2340 2381 2386 aut
2402 2332 2738 2394 divisionem,

354 2409 517 2473 atque
542 2400 936 2464 collectionem,
962 2401 1111 2456 dicto
1149 2409 1419 2473 praetextu
1459 2401 1679 2465 factam,
1716 2419 1832 2456 esse
1856 2404 2074 2457 omnino
2099 2403 2374 2474 injustam,
2399 2410 2456 2456 et
2481 2403 2739 2456 distribu-

354 2481 503 2528 tores
528 2473 597 2526 ob
622 2489 775 2525 suam
811 2473 1181 2543 arrogantiam
1206 2473 1398 2544 dignos
1440 2473 1639 2526 severis
1663 2473 1940 2544 suppliciis
1963 2473 2121 2528 affici.
2147 2493 2154 2499 ·
2200 2474 2550 2544 Quapropter
2571 2475 2738 2558 regioe

352 2542 655 2612 majestatis
692 2543 909 2596 nomine
949 2549 1213 2605 vetamus,
1252 2550 1310 2596 et
1348 2542 1723 2596 interdicimus
1747 2543 2013 2606 omnibus,
2037 2551 2094 2598 et
2116 2544 2342 2667 singulis
2367 2543 2485 2613 ejus
2510 2544 2740 2598 subditis

353 2614 517 2668 simili
559 2612 847 2675 exactioni,
889 2613 1203 2676 extortioni,
1242 2631 1338 2666 seu
1380 2612 1750 2666 distributioni
1788 2614 2058 2676 assentiri,
2082 2621 2139 2667 et
2234 2615 2415 2684 iquam
2455 2629 2739 2677 summam,

352 2685 426 2740 ali
466 2701 628 2740 uasve
652 2699 905 2748 summas,
929 2700 1047 2753 quse
1070 2691 1329 2753 petantur
1352 2682 1456 2736 hoc
1480 2683 1714 2746 nomine,
1739 2699 1836 2736 seu
1859 2683 2043 2746 titulo,
2066 2683 2296 2738 solvere.

472 2755 697 2810 imiliter
734 2753 899 2837 regim
939 2753 1237 2823 majestatis
1280 2753 1495 2807 nomine
1536 2761 1688 2808 arcte
1728 2753 2064 2826 injungimus
2101 2753 2348 2808 omnibus
2372 2768 2632 2824 personae,
2655 2752 2741 2807 vel

352 2826 617 2898 personis,
640 2824 969 2888 constitutis,
992 2831 1089 2879 aut
1128 2823 1537 2887 constituendis,
1573 2824 1875 2888 collectori,
1899 2823 1986 2879 vel
2021 2824 2423 2890 collectoribus,
2447 2824 2740 2894 receptori,

300 2945 307 2951 .
352 2898 442 2952 vel
482 2895 856 2968 receptoribus
899 2895 1206 2965 aliquarum
1247 2895 1440 2949 talium
1474 2912 1828 2958 summarum,
1851 2895 1938 2950 vel
1974 2895 2206 2966 alicujus
2231 2912 2453 2949 summae
2477 2894 2740 2966 pecunioe,

354 2977 420 3024 ut
443 2987 553 3022 non
576 2968 753 3022 solnm
775 2984 885 3020 non
906 2966 1089 3021 ferant
1128 2966 1380 3037 deinceps
1421 2966 1585 3038 exigi,
1628 2965 1830 3037 colligi,
1855 2967 1941 3021 vel
1965 2966 2085 3037 capi
2109 2964 2282 3020 simile
2306 2965 2618 3036 quidquam,
2643 2965 2740 3018 sed

355 3041 521 3094 etiam
544 3039 692 3094 intra
716 3038 902 3092 decem
927 3037 1040 3092 dies
1100 3037 1309 3091 roxime
1334 3055 1391 3092 se
1426 3045 1616 3092 uentes
1640 3037 1803 3107 hujus
1823 3035 2026 3092 decreti
2045 3037 2470 3110 divulgationem
2487 3036 2740 3100 reddant,

356 3119 455 3165 aut
476 3109 633 3164 reddi
657 3109 860 3163 faciant
898 3109 1013 3162 sine
1048 3055 1260 3171 ssaude,
1303 3118 1360 3163 et
1392 3055 1527 3163 ‘dolo
1566 3125 1768 3176 omnes,
1790 3116 1848 3162 et
1882 3107 2121 3182 singulas
2147 3109 2336 3164 similis
2359 3108 2479 3163 aeris
2505 3124 2740 3161 summas

358 3182 624 3244 omnibus,
649 3188 706 3234 et
727 3179 957 3252 singulis
978 3179 1143 3264 regine
1167 3179 1467 3234 ma'estatis
1490 3178 1740 3243 subditis,
1763 3198 1797 3234 a
1821 3180 2017 3252 quibus
2034 3178 2160 3244 illae,
2175 3171 2262 3234 vel
2285 3180 2477 3264 aliqum
2499 3177 2740 3241 illarum,

357 3270 524 3307 causa
562 3258 879 3314 memorata,
904 3251 991 3305 vel
1012 3251 1195 3317 titulo,
1256 3258 1456 3305 uerunt
1497 3253 1757 3315 collecta,
1800 3259 1858 3306 et
1895 3258 2164 3323 receptoez
2202 3251 2440 3322 alioquin
2477 3249 2520 3304 si
2545 3249 2618 3304 ali
2657 3249 2742 3303 uis

356 3331 782 3378 memoratorum
805 3322 970 3395 regie
992 3322 1295 3392 majestatis
1334 3323 1681 3377 subditorum
1716 3321 1973 3377 effuderit
1996 3323 2243 3394 querelas
2268 3322 2336 3376 de
2362 3321 2522 3376 dictis
2546 3321 2632 3376 col
2654 3338 2741 3374 ec-

355 3395 587 3458 toribus,
612 3402 670 3448 et
690 3393 1067 3464 receptoribus
1109 3394 1255 3464 apud
1294 3411 1413 3456 nos,
1438 3394 1715 3448 dominum
1739 3410 2048 3465 proregem,
2073 3401 2131 3447 et
2155 3393 2464 3458 consilium,
2488 3391 2634 3462 apud
2650 3391 2742 3460 ju-

356 3467 505 3521 dices
529 3465 925 3520 commissarios
946 3462 1005 3519 in
1028 3481 1219 3518 eorum
1235 3463 1725 3534 jurisdictionibus,
1740 3465 1927 3518 statim
1953 3465 2020 3519 de
2043 3465 2392 3518 restitutione
2415 3463 2598 3516 cuncti
2615 3461 2741 3516 talis

354 3538 479 3593 aeris
502 3537 783 3608 illegitime
823 3535 1039 3590 collecti
1080 3535 1248 3604 (sicut
1272 3535 1701 3589 demonstratum
1725 3537 1856 3605 est),
1881 3543 1938 3590 et
1962 3535 2127 3606 digna
2149 3535 2438 3588 noxiorum
2461 3532 2742 3587 hominum

354 3606 821 3664 animadversione
844 3615 1059 3679 agetur.
2644 3672 2656 3685 ·

426 3679 660 3742 Ultimo,
697 3678 861 3750 regine
897 3676 1199 3746 majestatis
1236 3674 1563 3730 auctoritate
1601 3674 1906 3738 manifeste,
1931 3684 1989 3730 et
2012 3683 2162 3730 arcte
2186 3674 2538 3746 injungimns,
2563 3679 2619 3726 et
2641 3689 2739 3726 1m-

356 3767 611 3824 peramus
633 3757 749 3804 tam
770 3747 1013 3820 pretori,
1038 3754 1094 3802 et
1116 3747 1462 3819 propraetori,
1483 3753 1581 3801 aut
1603 3747 1698 3800 alii
1720 3745 1979 3817 prefecto
1997 3745 2402 3818 provinciarum
2427 3742 2740 3806 Momoniae,

358 3831 417 3877 et
444 3820 714 3882 Gonacioe,
740 3837 902 3892 quam
928 3818 1176 3872 omnibus
1198 3816 1677 3901 gubernatoribus,
1702 3817 2025 3889 praepositis,
2049 3816 2272 3870 urbanis
2294 3814 2634 3888 presidibus,
2650 3814 2743 3884 ju-

360 3892 569 3947 dicibus
630 3890 762 3953 acis,
786 3897 842 3945 et
866 3889 985 3943 aliis
1010 3889 1345 3951 officialibus,
1368 3896 1533 3959 atque
1554 3888 1817 3941 ministris
1841 3887 2006 3972 regiae
2027 3887 2345 3958 majestatis,
2359 3894 2426 3939 ut
2450 3885 2542 3940 dili
2585 3893 2740 3939 enter

358 3963 562 4034 inquiri
608 3961 807 4023 aciant,
832 3978 951 4030 quae
986 3977 1237 4030 persona,
1278 3975 1587 4030 personaeve
1620 3958 1739 4029 jam
1778 3957 2004 4026 fuerint,
2041 3967 2140 4014 aut
2162 3959 2514 4030 imposterum
2567 3964 2740 4010 utura·

359 4035 471 4089 sint
494 4039 737 4093 exactor,
762 4038 861 4084 aut
884 4037 1185 4093 exactores,
1206 4037 1479 4099 receptor,
1503 4029 1590 4083 vel
1630 4037 1960 4101 receptores,
1999 4030 2279 4096 collector,
2305 4045 2398 4083 sen
2423 4027 2742 4082 collectores

358 4102 593 4172 alicujus
616 4100 805 4154 similis
830 4119 1069 4163 summze,
1093 4101 1463 4184 aliquarumve
1484 4099 1743 4154 similium
1768 4117 2104 4156 summarum
2137 4099 2345 4154 nummi
2368 4100 2448 4153 sic
2485 4097 2660 4160 divisi,
2685 4105 2744 4150 et

359 4173 559 4240 exacti,
584 4180 649 4226 ut
673 4171 920 4243 superius
944 4177 1027 4226 est
1068 4171 1415 4242 explicatum,
1451 4179 1508 4224 et
1532 4178 1793 4241 quantum
1817 4188 2063 4235 summo,
2088 4172 2200 4226 sive
2223 4187 2556 4225 summarum
2579 4185 2744 4222 unus·

359 4247 588 4320 quisque
610 4250 882 4314 receptor,
904 4241 990 4296 vel
1029 4243 1291 4298 collector
1334 4241 1635 4314 collegerit,
1670 4243 1932 4315 exegerit,
1953 4252 2052 4298 aut
2073 4242 2359 4314 receperit,
2386 4241 2746 4311 deincepsque

358 4321 431 4374 sit
456 4315 805 4376 collecturus,
826 4320 1138 4378 exacturus,
1162 4320 1262 4367 aut
1301 4323 1626 4384 accepturus
1666 4313 1816 4367 intra
1848 4314 2173 4386 provincias,
2197 4313 2506 4378 comitatus,
2529 4310 2745 4394 oppida,

360 4398 418 4445 et
440 4403 611 4474 pagos
632 4385 799 4440 hu'us
822 4385 998 4457 regni,
1022 4393 1080 4438 et
1103 4383 1262 4454 cujus
1285 4383 1533 4456 imperio,
1557 4392 1615 4438 et
1635 4392 1941 4456 praecepwz
1984 4386 2157 4456 deque
2180 4402 2245 4439 eo
2271 4401 2369 4438 nos
2393 4389 2744 4437 conveniente

362 4461 645 4516 celeritate
711 4457 892 4512 sciant
930 4455 1210 4519 certiores,
1253 4463 1319 4510 ut
1354 4455 1455 4518 illi,
1498 4463 1555 4510 et
1575 4455 1797 4509 illorum
1821 4456 2020 4528 singuli
2042 4455 2266 4540 proprio
2391 4452 2536 4508 ‘culo
2560 4469 2663 4524 pro
2687 4469 2745 4506 se

360 4529 741 4603 respondeant.
815 4525 1026 4582 Datum
1050 4545 1115 4580 ex
1138 4527 1293 4598 regio
1318 4525 1542 4580 castello
1565 4525 1890 4580 Dublinensi
1912 4544 2059 4581 nono
2101 4526 2188 4582 dle
2221 4525 2300 4580 Ju
2322 4525 2359 4578 ‘i
2397 4541 2538 4578 anno
2586 4526 2740 4578 161³.

366 4601 539 4685 Typis
577 4601 893 4655 mandatum
936 4596 1267 4654 Dubhlinnae
1304 4615 1339 4651 a
1375 4597 1416 4651 J
1417 4597 1628 4652 ohanne
1670 4596 2039 4668 Franckioness
2079 4596 2540 4652 excellentissimo
2579 4595 2744 4667 regiae
2765 4613 2945 4682 [2494

363 4671 661 4740 majestatis
685 4671 1057 4768 typographo:
1086 4686 1227 4724 anno
1258 4671 1410 4724 1613.

621 4865 701 4928 41
