3634 5842
892 766 1014 829 226
1322 768 1738 827 o'sunmvam
1768 782 2085 827 ms‘romm
2116 779 2515 841 cunonem,
2544 782 2688 828 Tou.
2719 781 2821 826 111.
2980 762 3135 846 [ms.
3182 782 3278 827 v1.

889 936 1150 1002 terrestri
1237 935 1442 1022 praelio
1527 935 1947 1022 opprimerent.
2057 934 2273 999 Adfuit
2358 937 2537 1001 etiam
2622 933 2941 1000 O’Driscol
3011 934 3278 1021 Magnus

891 1046 1028 1088 cum
1099 1022 1374 1088 Cornelio
1463 1021 1605 1102 filio,
1687 1029 1748 1089 et
1838 1021 1991 1101 aliis,
2066 1020 2622 1101 O’Donnobhanus,
2696 1028 2757 1085 et
2828 1022 3059 1109 equites
3130 1022 3279 1089 Mac

892 1109 1149 1175 Garrhae.
1240 1107 1517 1180 Quorum
1563 1108 1825 1175 adventu
1876 1108 2113 1194 Anglus
2163 1109 2405 1173 territus
2457 1131 2521 1174 se
2570 1107 2824 1175 navibus
2875 1110 3163 1188 continet,
3214 1116 3279 1175 et

891 1195 1150 1263 Zubiaur
1175 1196 1370 1275 laetus,
1401 1201 1462 1261 et
1490 1196 1872 1261 confirmatus
1900 1194 2213 1260 tormentis
2263 1218 2337 1261 ex
2364 1195 2617 1261 navibus
2646 1196 2929 1282 expositis
2958 1196 3277 1281 Anglicam

890 1283 1138 1349 classem
1169 1283 1422 1349 biduum
1452 1281 1730 1349 acerrime
1789 1304 1869 1368 op
1912 1289 2117 1369 ugnat.
2210 1281 2331 1348 Hic
2360 1282 2537 1367 igniti
2565 1282 2733 1367 globi
2761 1283 3279 1349 vehementissimo

893 1370 1196 1457 sulphuris
1243 1371 1476 1521 imzetu
1534 1370 1682 1455 jacti
1730 1304 2067 1455 Angi'orum
2120 1390 2299 1434 naves
2350 1392 2387 1435 a
2433 1370 2612 1455 prora
2657 1368 2734 1435 ad
2828 1370 3035 1456 uppim
3084 1390 3280 1457 usque

890 1457 1311 1535 transfodiunt,
1384 1457 1630 1536 omines,
1661 1462 1722 1521 et
1749 1455 1983 1521 tabulas
2011 1456 2073 1520 in
2104 1478 2263 1521 mare
2291 1455 2706 1541 propellentes.
2848 1458 3081 1523 raetoria
3108 1458 3281 1523 navis

890 1544 1097 1610 multis
1161 1545 1476 1611 tormentis
1547 1550 1823 1628 quassata
1891 1540 2187 1629 praecipue>
2258 1543 2649 1608 conflictatur.
2750 1542 2865 1629 ,In
2936 1566 3007 1611 ea
3083 1546 3279 1630 primo

890 1631 1200 1697 Zubiauris
1243 1632 1412 1717 jactu
1456 1631 1730 1695 homines
1771 1630 2098 1715 sexaginta,
2148 1630 2253 1715 qui
2304 1630 2524 1695 mensis
2578 1628 3049 1710 discumbebant,
3084 1631 3277 1697 extin-

973 1726 1176 1784 untur.
1267 1716 1666 1803 sequentibus
1695 1718 1873 1782 ctiam
1924 1715 2143 1782 ictibus
2188 1716 2427 1794 milites,
2459 1724 2521 1781 et
2548 1724 2745 1782 nautoe
2772 1718 2997 1802 passim
3030 1718 3275 1784 cadunt.

887 1740 988 1871 gb
1018 1806 1174 1871 idin
1203 1826 1333 1869 eam
1363 1826 1436 1869 ex
1463 1803 1707 1890 reliquis
1731 1803 1982 1869 navibus
2000 1803 2219 1869 milites
2250 1801 2514 1868 subsidio
2544 1804 2874 1870 confluunt.
2906 1804 2997 1869 Ea
3021 1805 3279 1891 denique

890 1890 1044 1979 pene
1074 1914 1371 1979 oppressa,
1404 1896 1465 1956 et
1517 1890 1758 1976 reliquae
1805 1889 2066 1955 turbacae
2096 1891 2293 1955 scissis
2320 1890 2585 1969 funibus,
2616 1891 2890 1957 anchoris
2918 1890 3139 1958 relictis
3181 1893 3275 1958 fu-

883 1976 1589 2131 {53131332235333330
1621 1985 1800 2128 ’ἔξω
1823 1977 2587 2129 ἓὲἶῖῗζᾙὲῗειὲἶῗῖ
2615 2000 2750 2129 ‘'¹1¹1ae
2778 1979 3275 2131 ³3⁶¹&ssoe

883 2153 1158 2237 tuaginta
1185 2152 1470 2238 quinque.
1532 2112 1654 2215 ‘Ex
1683 2086 2005 2215 Catlholicis
2034 2171 2193 2215 unus
2222 2151 2572 2216 interficitur
2586 2087 2719 2216 rffis
2762 2084 3272 2219 :inungubiaurIis

885 2240 1381 2324 consanguineus,
1415 2237 1534 2301 duo
1579 2236 1972 2301 vulnerantur
2001 2236 2147 2300 alter
2180 2236 2489 2322 Hispanus
2517 2238 2665 2303 alter
2773 2242 3022 2305 εει-111153·
3106 2240 3273 2305 Hinc

885 2324 1232 2411 Dermysius
1280 2323 1714 2389 O'Sullevanus
1805 2330 1930 2388 ater
1975 2344 2144 2387 meus
2196 2322 2457 2389 Vascum
2502 2323 2897 2392 Sahavedram
2928 2328 3273 2413 Hispanum

883 2412 1091 2478 ducem
1124 2434 1261 2477 cum
1291 2411 1419 2497 ejus
1465 2409 1708 2475 cohorte
1799 2432 2001 2487 ucens,
2034 2410 2237 2495 eisque
2280 2418 2695 2491 commeatum,
2726 2420 2787 2479 et
2829 2416 3103 2501 jumenta
3132 2436 3272 2501 sup-

877 2499 1172 2585 peditans»,
1201 2496 1540 2564 Dumbeam
1567 2496 1747 2561 etiam
1789 2495 2023 2561 Bearrae
2068 2496 2437 2583 principatus
2464 2498 2794 2585 principem
2822 2524 3015 2567 arcem
3044 2508 3105 2567 et
3134 2524 3269 2589 por-

883 2593 1012 2651 tum
1044 2584 1427 2651 O’Sullevani
1451 2586 1622 2670 jussu
1674 2583 1921 2661 tradit,†
1974 2590 2034 2648 et
2063 2604 2293 2649 menses
2322 2584 2554 2649 circiter
2581 2585 2734 2652 duos
2763 2588 2987 2655 vietum
3018 2588 3141 2667 dat,
3170 2611 3270 2653 eo-

881 2674 1138 2759 demque
1193 2672 1686 2749 machinamenta,
1719 2670 1932 2756 globos
1990 2692 2206 2750 aeneos,
2266 2671 2556 2737 niti-atum
2616 2673 2887 2759 sulphur,
2930 2675 3270 2761 plumbum,

877 2758 1328 2826 bombardicum
1357 2759 1581 2836 funem,
1613 2764 1973 2843 eaeterasque
2002 2758 2363 2823 munitiones
2390 2758 2586 2823 missis
2606 2760 3103 2827 Portucastellum
3126 2763 3271 2849 pha-

879 2846 1040 2913 sellis
1067 2846 1203 2913 vehi
1231 2846 1390 2924 facit,
1423 2850 1494 2911 ut
1519 2844 1586 2909 in
1613 2843 1783 2909 illum
1813 2850 2075 2931 portum,
2123 2844 2229 2932 qui
2271 2850 2460 2923 tutus,
2492 2852 2555 2909 et
2582 2845 2810 2913 celeber
2838 2855 2948 2927 est,
2982 2848 3271 2935 Hispanis

877 2934 1129 3001 navibus
1157 2933 1356 2999 aditus
1383 2937 1630 3019 pateret,
1661 2938 1722 2997 et
1751 2954 1822 2997 eo
1849 2932 2095 2997 hostiles
2123 2931 2595 3018 prohiberentur.
2686 2933 3003 3001 O'Driscol
3032 2956 3270 3023 quoque

877 3020 1219 3107 proesidium
1249 3020 1590 3103 Hispanum
1617 3018 1683 3083 in
1711 3025 1955 3105 portum
1996 3041 2193 3098 suum,
2224 3025 2287 3083 et
2334 3018 2644 3085 castellum
2671 3020 2750 3086 ad
2776 3044 2900 3089 rem
2950 3022 3270 3109 gerendam

883 3114 1290 3194 opportunum
1319 3105 1590 3185 intulit-1:

1900 3532 2079 3597 CAP.
2128 3531 2245 3599 IX.

1287 3735 1456 3807 Apud
1483 3736 1837 3793 Keansaliam
1864 3738 2139 3794 Catholici
2164 3740 2479 3795 insoeliciter
2503 3759 2621 3795 rem
2644 3748 2861 3815 gerunt.

877 3940 1322 4017 O’Donnums,
1355 3946 1414 4004 et
1443 3941 1570 4026 ejus
1601 3942 1746 4006 socii
1777 3940 2159 4021 O'RuarkuS,
2216 3942 2357 4009 Mac
2408 3944 2756 4022 Diarmuda,
2810 3944 2950 4009 Mac
2981 3944 3268 4010 Suinnius
3368 3990 3375 3999 -

874 4027 1186 4103 Tuethius‚
1217 4023 1526 4106 O’Kealla,
1559 4027 1951 4113 Raymundus
1982 4030 2159 4108 Baro,
2184 4030 2559 4109 Rothericus,
2592 4040 2652 4095 et
2680 4030 3011 4117 Gapharius
3038 4032 3266 4111 fratres,

875 4111 1109 4191 Daniel,
1142 4112 1553 4178 O'Conchuris
1583 4113 1846 4199 Sligachi
1874 4116 2072 4195 frater,
2106 4116 2441 4183 Gulielmus
2485 4117 2750 4197 Burkus,
2797 4116 3137 4205 Raymundi
3166 4116 3266 4183 ba-

871 4200 1033 4265 ronis
1084 4201 1264 4265 frater
1313 4200 1428 4265 tria
1475 4199 1738 4267 militum
1783 4202 1989 4283 millia,
2042 4224 2300 4289 quorum
2350 4205 2578 4289 equites
2630 4204 3053 4292 quadringenti
3079 4212 3266 4285 erant,

933 4443 958 4469 ·
987 4441 1110 4497 The
1134 4440 1353 4496 version
1376 4438 1443 4494 of
1460 4440 1552 4495 the
1576 4440 1804 4515 landing
1827 4442 1894 4496 of
1911 4442 2003 4497 the
2028 4441 2324 4515 Spaniards
2348 4444 2455 4499 and
2478 4442 2573 4498 the
2598 4443 2780 4499 action
2804 4451 2864 4497 at
2890 4442 3267 4507 Oastlehaven,

869 4513 924 4565 in
947 4512 1043 4567 the
1067 4513 1278 4567 Pacata
1301 4510 1591 4579 Hibernia,
1615 4531 1668 4585 p.
1694 4516 1822 4576 403,
1950 4530 2037 4568 ees
2080 4514 2139 4567 in
2182 4532 2333 4569 some
2372 4535 2406 4570 v
2544 4516 2755 4569 minute
2778 4514 3111 4585 particulare
3134 4515 3263 4569 with

870 4584 964 4637 the
989 4591 1127 4647 text,
1164 4583 1284 4645 but,
1309 4582 1376 4637 of
1405 4600 1619 4647 course,
1644 4584 1829 4639 denies
1847 4531 1947 4639 ἷξε
1970 4584 2205 4657 English
2232 4586 2357 4651 loss,
2380 4532 2503 4640 affl
2515 4585 2704 4640 claime
2728 4604 2763 4640 a
2785 4586 3018 4659 victory.

941 4652 979 4707 1·
1017 4654 1227 4709 Pacata
1251 4653 1536 4718 Hibernia,
1563 4674 1616 4726 p.
1643 4659 1772 4710 401.
1849 4655 1952 4711 See
1977 4656 2118 4721 Ibid,
2166 4674 2222 4729 p.
2248 4662 2377 4722 408,
2403 4656 2665 4713 Donald's
2690 4656 2876 4726 letter,
2896 4656 3265 4729 transferring

869 4723 954 4779 his
977 4724 1274 4796 allegiance
1296 4731 1357 4778 to
1381 4725 1477 4779 the
1501 4726 1633 4796 king
1657 4727 1723 4780 of
1754 4726 1944 4799 Spain.

939 4796 970 4863 ss
1010 4796 1220 4850 Pacata
1237 4796 1526 4862 Hibernia,
1549 4814 1604 4867 p.
1631 4800 1759 4851 400.
