3634 5842
327 786 464 831 car.
497 764 616 848 vn]
933 784 1018 827 nn
1060 782 1262 827 nanno
1306 780 1672 831 oumnscm
1717 780 2051 825 annosum.
2592 756 2715 818 261

1348 1064 1530 1131 OAP.
1575 1063 1654 1129 Vt

522 1257 806 1322 O'Nellus,
831 1265 888 1313 et
912 1258 1024 1326 alii,
1049 1258 1142 1329 qui
1176 1256 1380 1312 bellum
1403 1265 1704 1331 gesserant,
1727 1274 1916 1329 regem
1940 1258 1996 1310 in
2022 1258 2281 1330 Angliam
2304 1259 2549 1328 adeunti!
2738 1268 2917 1335 [θοι]

339 1426 464 1493 H1s
494 1425 703 1492 diebus
733 1424 876 1490 o’N
878 1425 1046 1504 ellus,
1078 1423 1431 1489 Bothericus
1459 1424 1912 1505 O’Sullevanus,
1941 1426 2153 1510 Asper,
2185 1432 2245 1490 et
2291 1426 2392 1491 alii
2420 1435 2726 1512 magnates

337 1514 543 1581 Iberni
592 1514 656 1578 in
706 1512 892 1599 Angli
938 1518 1124 1590 erant,
1158 1512 1276 1597 quo
1325 1534 1504 1576 causa
1543 1533 1702 1576 novo
1747 1512 1877 1597 regi
1924 1511 2281 1597 gratulandi,
2327 1520 2389 1577 et
2431 1513 2505 1579 de
2546 1513 2727 1579 rebus

337 1596 462 1667 suis
491 1600 724 1687 agendi,
764 1622 826 1664 se
862 1598 1268 1665 contulerunt.
1357 1596 1790 1664 O'Sullevanus
1836 1596 2004 1663 nullo
2052 1598 2235 1664 modo
2274 1601 2474 1685 potuit
2516 1602 2727 1667 finium

339 1710 582 1754 suorum
609 1686 1062 1766 restitutionem,
1086 1693 1194 1750 aut
1219 1686 1636 1771 impunitatem
1663 1685 1997 1770 impetrare.
2085 1686 2146 1750 A
2172 1708 2313 1772 rege
2340 1686 2479 1753 verb
2507 1687 2727 1753 Catho-

336 1775 474 1857 lico,
504 1774 580 1840 ad
633 1795 810 1860 quem
839 1774 1015 1859 fugit,
1045 1774 1324 1837 trecentis
1352 1772 1612 1837 nummis
1640 1773 1835 1837 aureis
1864 1772 2200 1851 menstruis,
2232 1780 2293 1838 et
2320 1796 2491 1840 cruce
2520 1797 2725 1859 eques-

337 1864 447 1928 tris
505 1861 728 1926 ordinis
763 1860 908 1926 Divi
959 1859 1000 1924 J
1003 1858 1172 1925 acobi
1225 1864 1366 1945 (qua
1411 1861 1589 1923 etiam
1639 1858 1767 1944 ejus
1811 1859 1919 1923 filii
1964 1859 2198 1939 Daniel,
2231 1862 2333 1945 qui
2380 1862 2542 1927 brevi
2572 1861 2728 1928 diem

341 1947 490 2014 obiit
518 1949 708 2035 capite
759 1947 912 2012 forte
955 1946 1320 2026 vulneratus,
1369 1953 1430 2011 et
1480 1945 1831 2031 Dermysius
1861 1946 2055 2011 ornati
2083 1946 2376 2030 fuerunt),
2406 1954 2469 2015 et
2496 1949 2731 2014 comitis

341 2035 515 2102 titulo
547 2036 822 2113 donatur,
851 2043 913 2099 et
941 2032 1252 2120 Dermysio
1281 2034 1436 2119 patri
1457 2055 1589 2098 meo
1619 2033 2055 2118 quinquaginta
2082 2034 2244 2099 aurei
2273 2034 2523 2121 singulis
2566 2058 2731 2101 men-

343 2122 526 2202 sibus,
574 2130 635 2187 et
684 2121 814 2187 aliis
864 2120 1069 2185 multis
1116 2120 1230 2186 alia
1274 2120 1559 2185 beneficia
1601 2121 1999 2205 assignantur.
2088 2118 2233 2185 O’N
2235 2120 2384 2187 ellus
2407 2122 2654 2208 jubetur
2696 2145 2733 2187 a

341 2209 382 2274 J
384 2210 566 2275 acobo
596 2232 733 2296 rege
761 2208 1162 2295 possessiones
1191 2230 1326 2272 suas
1357 2208 1625 2285 retinere,
1656 2214 1718 2271 et
1747 2207 1983 2272 comitis
2010 2206 2247 2273 Tironae
2276 2209 2453 2274 titulo
2484 2218 2729 2275 conten-

341 2306 440 2361 tus
468 2319 613 2362 esse.
696 2296 1013 2361 Rotherico
1063 2295 1430 2381 principatus
1459 2292 1777 2359 O'Donelli
1820 2294 2194 2379 relinquitur,
2225 2296 2575 2381 comitisque
2602 2297 2733 2362 'Pir-

345 2384 586 2449 conellae
615 2382 829 2448 titulus
859 2382 1132 2447 donatur.
1221 2384 1453 2467 Aspero
1482 2382 1600 2447 illae
1629 2388 1863 2480 tantum
1894 2382 2312 2481 possessiones,
2344 2403 2493 2469 quas
2520 2383 2734 2449 habuit

346 2468 844 2622 {3¹3⁸'1‘ii'ffi5‘'
872 2466 2737 2642 ΐὲἐξῖῑιῖῗῖῗὲἲὲῑΞέἓῗὲῗὲῑῖῗὲιθῖηδῗὲἓῗὶαᾞᾞοῗιξῖἓξ

347 2643 582 2721 redivit,
631 2641 774 2706 Dub
845 2642 857 2654 '
906 2663 999 2705 noe
1043 2641 1108 2705 in
1161 2648 1434 2705 senatum
1479 2640 1554 2705 ad
1599 2641 1830 2725 regium
1872 2639 2187 2706 consilium
2216 2641 2542 2726 productus
2571 2665 2737 2707 sena-

349 2738 528 2807 toreS,
559 2736 620 2793 et
647 2734 887 2813 gentem
938 2725 1250 2811 Anglicam
1305 2726 1638 2813 asperrimis
1688 2725 1883 2790 verbis
1928 2726 2214 2811 exagitat,
2247 2750 2367 2792 non
2396 2725 2471 2793 ab
2502 2729 2737 2813 Anglis,

353 2815 458 2881 sed
489 2815 562 2879 ab
591 2814 742 2900 ipso,
773 2812 1112 2878 Catholicos
1157 2814 1340 2877 fuisse
1390 2812 1669 2889 devictos,
1723 2824 1901 2897 atque
1950 2812 2291 2892 debellatos,
2336 2823 2398 2879 et
2439 2813 2741 2879 Iberniam

353 2902 600 2986 Angliae
629 2900 880 2967 Coronae
911 2899 1230 2999 defensam,
1250 2922 1285 2964 a
1301 2898 1569 2978 consilio,
1599 2906 1660 2963 et
1689 2898 1905 2998 Anglis
1932 2898 2221 2986 improbe,
2252 2907 2313 2965 et
2341 2901 2561 2987 perfide
2604 2923 2743 2966 cum

351 2986 2181 3160 ἓῗὲωῳιὶεὲῗιέξῖῗῗῗἶὲῗῖᾎῖἲιθὲιῗᾶέιέἓηῖἰῗῗῗῐήὲζὲἒ
2221 2987 2744 3160 ἲὲἓῗέἕῗιῑῒέἒῖῗὲ

353 3162 622 3229 devovet.
710 3160 944 3247 Itaque,
977 3168 1047 3227 ut
1074 3163 1270 3246 Asper
1288 3168 1414 3227 erat
1443 3183 1631 3247 asper,
1661 3162 1750 3226 sic
1777 3161 2096 3247 asperrime
2122 3163 2484 3248 peroravitt*

1367 3557 1547 3623 OAP.
1593 3557 1708 3623 VI.

965 3726 1105 3780 Post
1125 3724 1330 3780 bellum
1355 3725 1474 3797 quis
1491 3725 1662 3781 finerit
1685 3725 1921 3781 Iberniae
1944 3734 2121 3782 status
2139 3735 2163 3781 ἓ

366 3871 481 3936 I‘ra
509 3866 732 3933 bellum
782 3867 896 3932 hoc
945 3867 1286 3932 confectum
1331 3871 1439 3944 est,
1487 3864 1729 3930 Ibernia
1757 3887 1909 3951 pene
1936 3872 2064 3931 tota
2092 3866 2412 3951 devastata,
2442 3878 2505 3937 et
2534 3896 2751 3956 eversa,

366 3960 728 4042 ingenteque
775 3952 991 4033 inedia,
1038 3960 1100 4017 et
1144 3951 1298 4017 fame
1344 3974 1550 4018 omnes
1577 3951 1913 4030 invadente,
1945 3973 2065 4039 qua
2092 3956 2265 4021 multi
2295 3960 2583 4045 compulsi
2614 3970 2757 4027 sunt

370 4064 568 4120 canes,
597 4048 776 4126 atque
803 4047 966 4117 catos
1015 4040 1225 4105 edere:
1273 4038 1448 4104 multi
1496 4062 1574 4105 ne
1601 4039 1694 4103 his
1725 4038 1965 4125 quidem
1994 4044 2445 4127 suppetentibus
2486 4056 2755 4133 pereunt.

371 4130 592 4215 Neque
617 4128 888 4192 homines
915 4134 1170 4205 tantum,
1223 4124 1328 4190 sed
1377 4127 1556 4192 etiam
1583 4124 1760 4191 bruta
1801 4127 1987 4191 fames
2014 4138 2285 4216 occupat.
2371 4131 2532 4220 Lupi
2560 4158 2589 4197 s
2625 4135 2758 4214 lvis,

375 4226 438 4283 et
465 4213 772 4281 montibus
801 4214 1020 4300 egrossi
1047 4212 1319 4277 homines
1346 4212 1545 4278 inedia
1595 4211 1817 4278 debiles
1858 4213 2206 4281 invadentes
2237 4216 2483 4285 laniant.
2620 4244 2761 4287 anes

373 4301 580 4369 foetida
607 4300 906 4379 cadavera,
935 4300 1270 4389 partimque
1295 4300 1360 4365 in
1387 4300 1644 4367 cinerem
1672 4322 1841 4365 versa
1866 4299 2193 4387 sepulchris
2212 4306 2550 4374 extrahunt.
2639 4308 2761 4374 Ita-

418 4412 494 4454 ne
537 4388 690 4454 nihil
735 4394 879 4467 erat,
929 4387 1044 4453 nisi
1095 4386 1382 4472 squaloris
1427 4386 1690 4473 plenum,
1721 4392 1782 4451 et
1824 4409 1962 4452 vera
2010 4388 2203 4475 Trojae
2231 4390 2474 4479 direptae
2500 4394 2699 4481 imago
2727 4419 2764 4461 a

377 4414 550 4563 ira-g.
579 4475 684 4542 lib.
713 4476 756 4541 i.
787 4473 1010 4539 AEneid
1037 4473 1347 4559 descripta.

807 4632 944 4695 Quis
969 4632 1177 4687 cladem
1201 4632 1349 4685 illius
1371 4631 1566 4693 noctis,
1627 4630 1710 4686 uis
1735 4632 1931 4687 funera
1964 4633 2129 4688 fando

809 4704 1063 4776 Explicet
1080 4710 1104 4757 ἰ’
1177 4704 1296 4757 Aut
1319 4703 1488 4774 possit
1513 4703 1597 4757 lac
1759 4704 1803 4757 is
1828 4722 2043 4776 sequare
2069 4704 2315 4761 dolorem
2331 4714 2354 4760 ⁶?

463 4852 486 4874 ⁸
527 4847 632 4901 See
659 4848 808 4903 Fom-
843 4852 1104 4914 Meister-s,
1129 4868 1184 4921 p.
1213 4854 1375 4917 2343,
1399 4849 1557 4908 2347.
