3634 5842
449 770 584 818 cu.
631 751 806 837 χιιι]
1204 770 1489 817 manum
1533 770 1650 817 sun
1693 770 2107 819 armamus.
2723 758 2753 819 1
2766 758 2843 821 2⁷

439 925 632 991 vivam
654 925 685 991 Ρ
749 924 904 1003 Nos,
933 924 1217 1008 inquiunt
1245 924 1364 1002 isti,
1397 946 1520 990 non
1543 946 1859 1011 possumus
1876 924 1991 991 tibi
2007 926 2366 992 constituere
2384 928 2561 993 finem
2579 927 2844 1007 vivendi,

436 1032 631 1098 neque
657 1013 844 1077 vitam
871 1018 1040 1076 tuam
1089 1010 1434 1096 producere,
1485 1013 1706 1077 scir-eve
1733 1011 1829 1077 tui
1855 1012 1965 1077 fati
1995 1013 2175 1079 diem.
2260 1013 2426 1101 Ergo
2468 1014 2685 1099 inquit,
2720 1014 2842 1093 ille,

437 1098 617 1184 longe
646 1098 978 1164 consultius
1006 1098 1154 1163 mihi
1201 1098 1402 1177 fuerit,
1447 1098 1588 1163 huic
1631 1097 2059 1184 obtemporare,
2092 1102 2338 1186 ejusque
2366 1102 2561 1186 legem
2590 1124 2841 1179 servare,

481 1186 545 1250 ui
574 1185 684 1250 fati
713 1186 830 1250 mei
858 1186 1066 1249 horam
1093 1184 1225 1263 scit,
1270 1184 1374 1269 qm‘
1416 1190 1617 1269 potest
1661 1186 1811 1251 mihi
1840 1186 2024 1251 vitam
2052 1187 2385 1272 longiorem
2412 1188 2758 1267 concedere,
2784 1196 2846 1253 et

439 1206 598 1351 dare,
626 1274 793 1337 utin
822 1271 966 1336 caelo
988 1271 1172 1336 vitam
1198 1278 1480 1337 aeternam
1509 1278 1570 1337 et
1597 1273 1997 1338 felciissimam
2020 1297 2212 1360 agam,
2236 1295 2415 1359 quam
2436 1296 2641 1360 gerere
2670 1273 2843 1340 vobis

435 1380 683 1437 morem,
715 1359 837 1444 qui,
888 1380 966 1423 ne
1015 1364 1086 1422 ut
1129 1380 1252 1423 uno
1299 1366 1606 1424 momento
1637 1360 1925 1445 temporis
1982 1362 2197 1439 vivam,
2227 1362 2419 1426 facere
2446 1362 2673 1439 valetis,
2710 1361 2843 1425 istis

435 1444 672 1525 fucatis,
703 1444 897 1525 fluxis,
920 1451 1098 1531 atque
1119 1444 1282 1510 falsis
1308 1445 1679 1525 muneribus,
1709 1468 1804 1509 me
1834 1444 1909 1510 ab
1939 1448 2163 1511 aeternfl.
2182 1446 2551 1512 beatitudine
2580 1454 2842 1513 avertere

435 1531 857 1597 conantibus.”
945 1532 1082 1597 Hoc
1111 1554 1397 1617 responso
1427 1532 1616 1617 Angli
1644 1533 1730 1597 ira
1771 1533 2002 1617 perciti,
2049 1533 2339 1617 Religiosi
2375 1532 2614 1619 digitos,
2647 1556 2837 1612 crura,

435 1616 792 1704 brachiaque
837 1618 1050 1683 malleo
1095 1616 1387 1684 contundi
1429 1621 1756 1705 jusserunt.
1846 1616 2000 1683 Cum
2046 1626 2247 1684 tamen
2298 1642 2375 1685 ne
2404 1620 2519 1685 hoc
2570 1620 2840 1685 cruciatu

434 1712 678 1789 possent
705 1707 834 1791 ejus
879 1706 1169 1771 invictum
1220 1705 1485 1770 animum
1528 1705 1821 1790 frangere,
1850 1705 2040 1783 illum,
2073 1714 2135 1770 et
2166 1704 2450 1771 Huonem
2495 1705 2838 1772 O’Melker-

437 1814 618 1856 anum
667 1791 1030 1857 sacerdotem
1079 1794 1130 1879 ej
1139 1792 1345 1857 usdem
1403 1792 1713 1857 sententias
1771 1798 2121 1857 assertorem
2178 1793 2261 1857 im
2306 1800 2473 1859 erant
2532 1793 2836 1878 suspendi.

441 1876 618 1949 Quod
649 1878 840 1947 Hnon
867 1878 1133 1957 timebat,
1179 1878 1478 1964 flebatque
1526 1878 1703 1963 petiit
1749 1876 1959 1943 Abbas
1988 1880 2025 1944 6.
2050 1881 2262 1945 tortori
2304 1902 2395 1960 us,
2426 1887 2498 1944 ut
2540 1880 2641 1945 ille
2670 1880 2838 1966 prius

439 1964 764 2031 afficeretur
812 1972 1023 2044 morte,
1081 1972 1154 2029 ut
1215 1966 1344 2051 ipse
1393 1965 1675 2030 timidum
1723 1966 1935 2031 mortis
1983 1974 2205 2032 terrore
2263 1967 2624 2033 sacerdotem
2681 1967 2839 2031 inter

437 2052 808 2117 moriendum
835 2053 1242 2117 confirmas-etz
1287 2053 1472 2139 idque
1521 2053 1639 2117 fuit
1688 2052 1961 2138 adeptus.
2053 2053 2277 2119 Huone
2308 2075 2595 2139 suspenso
2623 2052 2834 2118 Abbas

438 2160 561 2203 non
590 2138 783 2203 solum
810 2138 1124 2225 intrepide,
1157 2138 1260 2204 sed
1289 2136 1667 2225 magnanime
1695 2141 1981 2225 sequitur.
2039 2140 2140 2205 Ita
2160 2139 2335 2205 ambo
2365 2142 2531 2206 furca
2561 2141 2835 2225 suspensi

438 2224 610 2290 caelos
659 2224 924 2291 celeriter
968 2226 1379 2305 ascenderunt,
1425 2225 1776 2291 Dubhlinna
1830 2226 2245 2313 Redemptoris
2296 2249 2454 2293 anno
2485 2226 2830 2293 millessimo

436 2312 912 2397 quingentesimo
959 2312 1322 2398 octogesimo
1373 2320 1604 2400 quarte,
1636 2313 1924 2399 vigesimo
1952 2314 2145 2400 primo
2176 2314 2270 2380 die
2299 2314 2681 2394 Novembris,
2713 2313 2828 2378 sub

435 2399 596 2482 quod
643 2405 882 2484 tempus
933 2406 1186 2478 sextum,
1235 2406 1297 2465 et
1341 2400 1693 2485 vigesimum
1741 2422 1967 2465 annum
2018 2400 2226 2467 Abbas
2256 2400 2550 2487 explebat.
2638 2398 2829 2485 cujus

431 2485 882 2634 foi-pustfuitssiln
895 2486 1292 2637 fidlssislimiis
1332 2486 1538 2639 (ἰξὲἓζᾶί
1553 2486 2143 2639 ffililocaiumbfflsdise
2166 2487 2494 2639 ‘caplbffi‘tis
2523 2495 2828 2575 spectacu-

457 2592 764 2651 um,e1n
853 2593 894 2635 u
1065 2594 1348 2657 gpum
1514 2595 1556 2659 g
1697 2595 1760 2638 es
1832 2595 2037 2639 omar
2154 2596 2473 2660 Jaclean.

1433 3050 1613 3118 CAP.
1661 3050 1842 3117 XXI.

937 3267 1006 3322 In
1031 3266 1356 3325 Oonnachtfi
1378 3266 1664 3325 vehemens
1691 3268 2004 3343 Anglorum
2030 3268 2311 3325 atrocitas.

444 3474 686 3544 Nnaun
711 3474 780 3540 in
805 3476 1138 3543 sacerdotes
1165 3477 1343 3555 solos,
1375 3476 1482 3541 sed
1508 3478 1574 3542 in
1595 3476 1742 3543 alios
1765 3475 2007 3563 quoque
2034 3476 2376 3544 Catholicos
2405 3478 2534 3544 haec
2567 3480 2835 3565 tyrannis

441 3560 846 3626 exercebatur.
932 3562 1264 3629 Richardus
1309 3562 1684 3650 Binghamus
1711 3564 1951 3649 Anglus
1995 3585 2174 3648 eques
2204 3570 2445 3629 auratus
2474 3564 2837 3631 Connachtae

442 3646 615 3732 regni
641 3646 956 3732 praefectus
983 3650 1054 3713 ea
1099 3650 1361 3729 lenitate,
1393 3656 1454 3713 et
1480 3650 1885 3715 moderatione
1912 3650 2275 3735 provinciam
2317 3651 2622 3735 primum*
2662 3654 2837 3738 caepit

443 3733 872 3813 administrare,
902 3742 974 3799 ut
1014 3735 1196 3799 fuerit
1244 3734 1520 3800 omnibus
1551 3758 1729 3821 quam
1773 3735 2216 3821 acceptissimus
2242 3736 2836 3805 honorificentissimo

444 3821 625 3887 titulo
669 3826 916 3885 vocatus
965 3820 1004 3883 a
1052 3820 1509 3907 provincialibus
1559 3822 1891 3887 misericors
1978 3822 2270 3887 raefectus.
2357 3822 2661 3889 Caeterum
2711 3825 2838 3891 haec

444 3930 564 3974 non
596 3930 754 3986 vera,
785 3906 890 3971 sed
915 3906 1055 3972 ficta
1081 3906 1199 3971 fuit
1223 3906 1660 3986 misericordia3
1703 3930 1829 3973 non
1872 3929 1943 3972 co
1968 3907 2245 3988 umbina3
2291 3908 2396 3974 sed
2423 3910 2670 3997 vulpina
2697 3914 2836 3978 sim-

443 3994 697 4081 plicitas.
788 3992 1142 4071 Hoereticus,
1172 4000 1489 4079 postquam
1519 3994 1595 4060 de
1621 4016 1685 4058 se
1735 4016 2014 4079 magnam
2055 3995 2468 4077 miserationis,
2500 4005 2563 4063 et
2602 4000 2839 4084 pietatis

445 4082 786 4167 opinionem
814 4080 1154 4158 concitavit,
1184 4079 1324 4145 inde
1353 4080 1700 4146 crudelitate
1748 4080 2067 4167 plusquam
2094 4081 2431 4149 Pharlarica
2458 4086 2693 4165 exarsit,
2724 4086 2835 4151 Ca-

444 4168 802 4235 tholicorum
829 4168 1180 4253 sanguinem
1209 4165 1381 4232 avide
1410 4167 1782 4242 effundens..†
1870 4167 2325 4236 O'Oonchurem
2354 4170 2629 4235 Rubrum
2658 4194 2835 4259 agen-

444 4260 565 4321 tem
595 4254 1026 4342 octogesimum
1054 4254 1286 4320 circiter
1329 4276 1552 4320 annum
1592 4255 1806 4342 laqueo
1834 4256 2227 4343 strangulat,‡
2251 4280 2324 4323 ex
2354 4256 2837 4339 O'Conchurum,

516 4484 541 4511 ⁶
577 4483 730 4538 A.D.
759 4488 915 4538 1584.
985 4483 1054 4537 F.
1081 4484 1251 4547 Mast,
1275 4501 1330 4555 p.
1365 4482 1520 4543 1817.

514 4553 556 4623 †
593 4553 716 4609 The
741 4554 1036 4610 Oromwell
1063 4554 1130 4609 of
1147 4554 1513 4627 Connaught:
1553 4554 1662 4608 and
1683 4554 1806 4609 who
1831 4554 2029 4609 should
2052 4555 2189 4609 have
2212 4556 2377 4610 taken
2402 4555 2498 4611 the
2520 4557 2753 4617 sir-name
2773 4582 2831 4617 as

446 4622 515 4677 he
535 4625 668 4679 took
691 4624 788 4680 the
809 4626 964 4680 landa
989 4625 1056 4680 of
1070 4625 1156 4679 his
1178 4626 1400 4680 bravest
1434 4644 1468 4680 ο
1577 4632 1728 4692 nent,
1753 4634 1793 4661 ‘⁶
1810 4624 2081 4679 Deamain
2112 4644 2181 4681 an
2215 4628 2467 4681 carraiu”
2490 4628 2603 4697 (i.e.
2632 4640 2669 4667 ‘⁸
2689 4632 2830 4689 Falx

449 4693 730 4764 diaboli.”)
805 4696 910 4751 See
935 4696 1092 4751 Four
1117 4698 1378 4763 Masta-s,
1402 4699 1474 4753 A.
1540 4735 1553 4750 .
1587 4698 1742 4762 1586,
1763 4714 1834 4750 an
1858 4702 2103 4767 sequent.
2180 4697 2317 4764 Oox,
2339 4716 2393 4768 p.
2421 4702 2549 4753 412.

519 4766 552 4831 ss
587 4766 733 4823 AD.
763 4770 898 4821 1588
913 4774 936 4820 ἲ
1010 4767 1258 4839 Perhaps
1281 4769 1326 4821 it
1345 4786 1456 4823 was
1479 4766 1744 4823 Edmund
1767 4766 1976 4833 Barka,
1999 4767 2142 4821 head
2164 4768 2231 4823 of
2262 4768 2346 4823 his
2369 4769 2573 4845 family,
2594 4776 2737 4847 aged
2761 4780 2833 4831 80

449 4852 623 4905 years,
646 4839 828 4893 whom
850 4838 1124 4909 Bingham
1145 4838 1380 4913 hanged.
1456 4838 1738 4895 Lombard
1754 4838 2212 4906 Commentarius,
2234 4858 2291 4912 p.
2317 4844 2443 4895 405.
