3634 5842
889 748 1012 811 270
1296 746 1712 813 o'sumvam
1756 768 2075 815 msa-oum
2104 770 2493 829 cunonem,
2522 770 2674 817 rou.
2723 770 2812 814 nr.
3022 751 3180 835 [un.
3228 773 3276 817 1.

883 924 1099 991 Paucis
1127 930 1265 1010 post
1293 924 1504 991 diebus
1555 926 1738 991 Sim-ii
1785 950 1936 1014 rupe
1971 928 2239 1017 (Carraig
2282 954 2363 996 na
2406 930 2587 1015 Siuri)
2645 929 2809 1017 quod
2836 934 2928 995 ent
2969 929 3277 997 Urmonioe

882 1011 1136 1110 comitis,
1186 1012 1598 1099 municipium,
1645 1037 1680 1078 a
1729 1012 2208 1082 Protestantibus
2261 1018 2515 1104 captus*
2540 1017 2607 1083 in
2634 1015 2844 1083 urbem
2870 1016 3279 1085 Lomnacham

881 1098 1160 1163 mittitur.
1247 1096 1374 1165 U'bi
1416 1100 1558 1165 caeci
1603 1102 1851 1166 carceris
1903 1102 2156 1189 caligine
2202 1104 2523 1189 saetoreque
2576 1103 2797 1171 multos
2848 1104 2977 1170 dies
3002 1104 3273 1184 afflictus,

881 1185 1022 1251 cum
1049 1184 1521 1251 Protestantium
1562 1188 2043 1255 concionatorum
2077 1190 2357 1277 dogmata
2384 1192 2678 1256 renuisset
2705 1190 2911 1257 audire
2940 1191 3145 1277 digitis
3174 1215 3276 1257 au-

879 1294 973 1336 res
1020 1271 1402 1352 obstruendo,
1456 1280 1518 1338 et
1561 1295 1769 1340 vocem
1820 1282 2029 1342 contra
2072 1277 2386 1357 efferendo,
2438 1276 2796 1363 baronisque
2844 1278 3111 1358 titulum,
3163 1280 3277 1344 alia

878 1359 1428 1531 plriaemigiitazuam
1457 1360 1640 1427 vitam
1671 1361 1998 1429 Catholicoe
2055 1360 2355 1451 Religioni
2405 1364 2867 1450 posthabuisset,
2899 1365 3113 1431 ultimo
3136 1388 3275 1453 sup-

967 1468 1059 1511 cio
1313 1453 1500 1513 ectus.

965 1530 1126 1597 Duoe
1155 1532 1409 1599 faemime
1446 1534 1782 1620 postulatae,
1836 1536 1996 1621 quod
2044 1560 2183 1603 eum
2210 1538 2579 1605 occuluerint
2606 1539 2672 1603 in
2710 1537 2983 1603 ardentes
3010 1538 3277 1605 flammas

877 1620 1030 1684 vivae
1057 1620 1340 1706 conjectae
1367 1621 1661 1701 feruntur,
1691 1621 1876 1687 altera
1904 1624 2097 1690 Siurei
2124 1647 2291 1710 rupe,
2324 1624 2504 1690 altera
2534 1624 2853 1710 Manapiae.
2884 1624 3060 1703 Duae,
3091 1625 3273 1691 Lom-

878 1706 1087 1773 nachae
1113 1706 1358 1793 ignibus
1385 1708 1628 1775 urendae
1655 1708 1977 1777 traduntur
2014 1710 2391 1791 insimulatae,
2442 1712 2642 1792 altera,
2674 1711 2838 1811 quod
2867 1710 3080 1777 dixerit
3120 1714 3278 1799 regis

876 1792 1039 1879 leges
1067 1794 1302 1879 iniquas
1331 1818 1478 1874 esse,
1511 1796 1710 1876 altera,
1763 1796 1926 1882 quod
1978 1798 2340 1865 sacerdotem
2368 1797 2759 1864 abscondent.
2850 1797 2948 1863 Ab
2978 1798 3275 1885 aliquibus

879 1886 1241 1946 memoratur
1268 1880 1683 1969 Loch-Dergoe
1741 1881 1916 1949 Prior
1971 1892 2291 1971 postquam
2346 1885 2683 1971 Anglorum
2740 1892 2948 1965 sectas,
3000 1885 3275 1971 amplecti

879 1966 1160 2033 audacter
1185 1970 1480 2033 recusavit
1507 1992 1631 2034 non
1659 1970 1945 2037 mediocri
1970 1972 2163 2057 pretio
2190 1972 2449 2037 multum
2476 1978 2739 2059 rogatus,
2770 1994 3092 2057 suspensus
3118 1980 3181 2037 et
3208 1975 3273 2039 in

676 2054 858 2125 [209.]
879 2060 1078 2140 partes
1105 2060 1337 2134 sectus3
1384 2062 1446 2121 et
1474 2055 1764 2123 similibus
1795 2056 1870 2123 de
1899 2059 2091 2125 causis
2120 2058 2267 2125 alios
2294 2060 2535 2147 periisse
2564 2058 2893 2149 prodita„

1892 2534 2075 2600 CAP.
2122 2536 2240 2603 IV.

1019 2750 1262 2807 Primum
1327 2751 1734 2806 Persecutionis
1791 2758 2077 2876 punctam..
2150 2750 2301 2876 tO'N
2304 2751 2459 2813 ellus,
2520 2759 2577 2807 et
2636 2752 2728 2805 alii
2787 2752 3131 2824 tyrannidem

2014 2840 2147 2895 glun
2178 2861 2192 2879 .

876 3023 1022 3095 Quo
1053 3030 1252 3088 tamen
1303 3028 1524 3087 terrore
1569 3022 1768 3087 caeteri
1814 3020 2020 3087 Iberni
2070 3044 2107 3086 a
2132 3020 2419 3107 religione
2440 3018 2748 3108 Catholica
2768 3018 3097 3105 profitenda
3118 3018 3269 3085 nihil

871 3117 1240 3175 amoventur.
1330 3108 1513 3178 Quod
1541 3108 1730 3193 Angli
1758 3106 2251 3186 animadvertens,
2285 3115 2347 3172 et
2390 3108 2503 3171 rati
2534 3105 2611 3171 ob
2642 3106 2823 3191 hujus
2852 3107 3029 3175 edicti
3057 3128 3267 3171 execu-

869 3196 1096 3261 tionem
1127 3216 1250 3259 non
1276 3196 1476 3259 minus
1504 3194 1731 3259 cruoris
1759 3193 2214 3259 diffundendum
2236 3194 2437 3273 fuisse,
2462 3214 2637 3279 quam
2663 3192 2739 3258 ob
2758 3192 3008 3258 similem
3030 3214 3267 3258 causam

869 3282 987 3347 fuit
1015 3280 1288 3359 effusum,
1321 3280 1607 3359 Henrico,
1636 3279 1938 3360 Edvaedo,
1970 3288 2030 3345 et
2080 3278 2428 3346 Elizabetha
2454 3278 2864 3365 regnantibus,
2894 3280 3009 3345 nisi
3037 3280 3267 3367 pericu-

867 3368 999 3433 lum
1047 3368 1399 3453 tempestive
1454 3372 1825 3453 praeventum
1884 3367 2001 3432 sit:
2056 3368 2348 3433 rationem
2397 3366 2610 3433 ineunt
2659 3368 2820 3432 hunc
2864 3366 3095 3433 obicem
3138 3368 3269 3433 sine

868 3454 1045 3534 bello,
1107 3462 1166 3519 et
1224 3452 1468 3519 vulnere
1523 3453 1867 3519 removendi
1920 3455 2093 3539 juxta
2140 3454 2400 3540 primum
2457 3452 2783 3540 principale
2840 3453 3267 3541 persecutionis

867 3548 1180 3628 punctum,
1209 3548 1283 3605 ut
1311 3541 1528 3606 summi
1555 3540 1668 3605 viri
1693 3540 1761 3605 in
1787 3540 1956 3619 Fide,
1988 3548 2050 3607 et
2077 3540 2382 3607 Catholica
2422 3540 2709 3627 religione
2736 3546 3095 3620 constantes,
3126 3538 3267 3607 belli

868 3629 1134 3707 scientia,
1164 3634 1226 3692 et
1271 3650 1471 3694 rerum
1519 3634 1821 3713 gestarum
1870 3628 2025 3693 fama
2072 3626 2213 3694 clari
2260 3628 2500 3706 sensim,
2548 3634 2609 3692 et
2658 3626 2865 3693 furtim
2896 3628 3261 3693 excidantur.

867 3716 1083 3802 Itaque
1114 3714 1460 3793 O'Nellum,
1493 3714 1914 3794 O'Donellum,
1945 3721 2007 3780 et
2034 3716 2181 3781 alios
2211 3714 2501 3781 Ibernicae
2572 3715 2715 3780 artis
2746 3736 3041 3799 sequaceS,
3066 3737 3135 3779 ac
3164 3736 3265 3779 eos

867 3804 1046 3868 etiam
1102 3801 1378 3888 Anglicae
1434 3802 1710 3868 factionis
1767 3802 2049 3881 fautores,
2094 3802 2161 3867 in
2257 3800 2439 3867 uibus
2495 3825 2536 3888 p
2562 3824 2632 3865 us
2690 3798 2948 3883 virtutis,
2979 3808 3041 3867 et
3082 3801 3264 3867 animi

867 3888 1191 3955 Christiani
1235 3888 1490 3953 residere
1536 3886 1851 3974 putabant,
1905 3888 2210 3954 dissimula
2270 3939 2291 3969 ,
2322 3897 2383 3954 et
2434 3889 2605 3975 quasi
2649 3886 2809 3953 aliud
2856 3895 3100 3975 agentes
3146 3896 3263 3953 sta·

865 3982 1053 4041 tuunt
1082 3974 1155 4041 de
1186 3975 1380 4041 medio
1409 3975 1617 4040 tollere
1644 3976 1740 4040 vel
1790 3975 2035 4055 occisos,
2064 3976 2160 4041 vel
2203 3976 2267 4040 in
2314 3996 2606 4041 carcerem
2658 3975 2947 4055 detrusos,
2980 3974 3075 4040 vel
3114 3974 3259 4039 rele-

944 4071 1058 4129 tos.
1150 4060 1489 4133 Quominus
1539 4061 1854 4128 videantur
1902 4061 1968 4128 id
2015 4084 2188 4149 agere
2231 4086 2409 4128 causa
2449 4061 2844 4127 labefactandi
2886 4061 3261 4149 Religionem

917 4148 1254 4227 atholicam,
1285 4156 1491 4227 artem,
1517 4170 1635 4233 qua
1663 4156 1971 4234 magnates
1999 4148 2339 4215 Catholicos
2358 4149 2515 4214 laesae
2544 4148 2877 4236 Majestatis
2894 4170 3026 4214 reos
3056 4156 3259 4234 agant,

863 4236 1298 4303 machinantur.
1389 4235 1885 4321 christophorum
1936 4234 2416 4301 Sanlaurentium
2468 4234 2651 4301 Hotae
2699 4234 2983 4301 baronem
3025 4234 3259 4334 Anglo-

863 4322 1172 4401 Ibernum,
1221 4321 1520 4387 hominem
1573 4344 1696 4387 non
1749 4322 1931 4387 modo
1976 4322 2251 4388 factionis
2296 4322 2570 4409 Anglicae
2598 4321 2915 4401 solicitum,
2948 4322 3052 4387 sed
3080 4330 3262 4387 etlam

759 4440 766 4445 ·
864 4409 1320 4497 schysmaticum
1365 4408 1599 4495 jubent,
1646 4414 1718 4473 ut
1763 4407 1901 4473 illos
1953 4409 2029 4475 ad
2078 4408 2462 4475 rebellionem
2506 4409 2739 4487 invitet,
2874 4424 2951 4473 ue
2978 4408 3158 4474 faciat
3184 4406 3261 4473 de

862 4496 1213 4584 conspiratis
1263 4497 1559 4561 certiores.
1648 4495 2152 4581 Christophorous
2202 4494 2305 4582 (ut
2355 4496 2512 4562 fama
2559 4495 2699 4581 fert)
2734 4518 2809 4561 ex
2874 4494 3113 4561 hernica
3138 4494 3261 4561 fac-

861 4818 898 4871 ii
931 4748 984 4889 'p
997 4746 1322 4871 Allgatmtllie
1365 4766 1492 4819 year
1543 4750 1700 4801 1610.
1777 4746 2050 4803 Hibernia
2074 4747 2455 4813 Dominicana,
2478 4764 2533 4817 p.
2561 4748 2686 4800 ⁵65.
2766 4746 3036 4801 Analecta
3064 4748 3259 4810 Sacra,
