3634 5842
893 687 1016 749 100
1343 684 1758 751 o'sunmvam
1806 704 2118 749 maroam
2162 704 2550 764 cimonem,
2594 704 2722 750 'rou
2744 703 2817 747 11.
3004 683 3161 769 [Lis.
3194 703 3282 750 iv.

889 856 1219 943 prosiliens,
1250 858 1334 923 ita
1361 882 1576 945 corpus
1605 856 1861 937 libravit,
1894 864 1965 923 ut
2014 858 2235 923 circum
2268 856 2409 922 Mac
2438 856 2605 921 Porti
2635 855 2855 921 collum
2904 879 3013 921 sua
3040 856 3280 922 brachia

903 944 1085 1023 daret,
1115 942 1281 1009 illum
1289 967 1403 1030 que
1431 968 1506 1010 ex
1533 945 1826 1031 ephippiis
1854 946 1921 1010 in
1940 952 2157 1011 terram
2194 945 2471 1011 traheret.
2562 944 2801 1009 Socium
2831 944 3097 1029 sequitur
3126 943 3281 1009 Oon-

887 1028 1002 1095 lus.
1091 1028 1290 1095 Ambo
1320 1040 1612 1097 conantur
1655 1032 1999 1097 schedulam
2045 1032 2301 1099 adimere
2352 1032 2494 1097 Mac
2530 1030 2733 1095 Forto.
2822 1030 2946 1096 Hic
2988 1052 3277 1117 papyrum

889 1118 954 1181 in
1015 1138 1082 1181 os
1131 1117 1457 1183 immissam
1501 1118 1778 1185 mandere
1826 1118 2106 1184 dentibus
2154 1127 2217 1184 et
2264 1118 2543 1183 devorare
2588 1118 2870 1197 molitur3
2936 1117 3025 1182 illi
3076 1119 3275 1182 fauces

889 1205 1016 1289 ejus
1039 1204 1312 1269 manibus
1340 1206 1572 1271 fortiter
1600 1206 2063 1293 comprimendO,
2094 1228 2383 1293 papyrum
2413 1212 2639 1290 cogunt
2668 1226 2803 1269 eum
2834 1226 3119 1269 evomere.
3195 1204 3272 1269 In

891 1294 962 1355 ea.
1005 1292 1415 1377 praescriptum
1464 1298 1590 1358 erat
1641 1294 1736 1377 (ut
1789 1316 1901 1379 ego
1954 1294 2235 1379 comperi)
2298 1292 2519 1377 reginae
2579 1290 2901 1370 decretum,
2960 1312 3079 1375 quo
3130 1287 3272 1356 Mac

891 1377 1109 1442 Portus
1131 1377 1473 1464 jubebatur,
1515 1387 1587 1444 ut
1615 1400 1992 1465 quocumque
2022 1386 2225 1467 posset
2260 1377 2397 1444 dolo
2430 1386 2492 1444 et
2519 1379 2698 1444 modo
2728 1376 3043 1443 Cathalum
3072 1376 3276 1463 depre-

892 1462 1196 1546 henderet,
1252 1464 1798 1553 deprehensamque
1840 1468 1968 1532 sine
2026 1470 2191 1532 mora
2238 1466 2519 1551 plecteret
2546 1474 2754 1532 morte.
2848 1464 2989 1536 Qua
3010 1466 3275 1617 aperfidia

893 1552 1136 1636 cognita
1183 1551 1468 1619 Cathalus
1512 1561 1573 1620 et
1621 1554 1849 1620 Conlus
1901 1554 2043 1619 Mac
2076 1554 2338 1619 ‘Portum
2366 1554 2521 1617 ferro
2552 1552 2965 1632 confoderunt,
3066 1552 3273 1637 ioquin

893 1638 1254 1704 incolumem
1283 1639 1650 1707 dimissui-iffi·
1735 1640 1973 1707 Deinde
2002 1641 2289 1707 Gathalus
2317 1641 2382 1705 in
2414 1638 2766 1725 Hispaniam
2796 1641 3089 1720 seccessit,
3114 1638 3271 1703 unde

891 1746 1097 1790 rursus
1134 1726 1198 1790 in
1227 1726 1527 1793 Iberniam
1573 1728 1806 1795 rediens
1858 1728 2167 1815 naufragio
2214 1728 2415 1795 classis
2454 1726 2749 1813 ‚Hispanae
2798 1726 2875 1791 ad
2902 1726 3099 1791 locum
3130 1725 3269 1790 Gal-

891 1810 1054 1891 litiae.
1087 1813 1192 1897 qui
1219 1813 1556 1881 Corcubion
1583 1814 1768 1902 vulgo
1791 1816 2027 1897 dicitur,
2060 1816 2291 1903 perivit.
2366 1812 2591 1879 Conlus
2620 1815 3037 1900 impunitatem
3068 1836 3269 1879 conse-

729 1910 871 1980 [δα]
894 1907 1068 1965 cutus
1095 1900 1160 1965 in
1189 1900 1429 1969 Ibernia
1455 1903 1580 1969 fato
1607 1902 1939 1989 fungItur.n

1856 2388 2038 2453 CAP.
2085 2388 2276 2453 VIII.
2324 2378 2329 2383 ’

1777 2586 2053 2640 Giraldini
2082 2586 2390 2641 Momoniae.

891 2768 1018 2851 Sur>
1068 2791 1144 2834 ne
1191 2770 1516 2836 Momoniae
1561 2771 1801 2856 quidem
1854 2770 2188 2856 Anglorum
2259 2770 2493 2857 injuriis
2563 2770 2857 2834 immunes
2928 2769 3269 2834 extiterunt.

887 2854 1066 2920 Unde
1096 2858 1396 2940 provocati
1423 2864 1565 2923 sunt
1587 2858 1882 2925 Giraldini
1900 2858 2241 2938 Momoniae,
2262 2866 2334 2923 ut
2362 2880 2523 2923 arma
2540 2862 2857 2935 sumerent,
2878 2855 3039 2941 quod
3068 2878 3269 2941 quem-

887 2941 1206 3008 admodum
1235 2945 1313 3009 sit
1341 2953 1540 3010 actum
1569 2952 1639 3011 ut
1665 2945 2050 3032 intelligatur,
2076 2944 2151 3009 de
2192 2966 2397 3010 eorum
2441 2944 2669 3029 origine
2696 2964 2885 3029 pauca
2931 2943 3266 3008 referemus.

885 3028 1052 3093 Alibi
1103 3028 1414 3096 docuimus
1464 3030 1787 3097 Giraldinae
1838 3034 2033 3119 gentis
2060 3032 2126 3097 in
2154 3030 2395 3097 Iberniss
2421 3031 2604 3095 fuisse
2632 3029 2781 3095 duas
2826 3028 3097 3109 familias,
3128 3030 3266 3094 altc-

884 3138 1010 3179 ram
1039 3112 1459 3201 Lageniorum,
1490 3121 1611 3204 qua
1639 3117 1713 3183 de
1741 3120 2013 3205 superius
2030 3140 2236 3183 sumus
2272 3116 2479 3197 locuti,
2520 3116 2967 3181 Momoniorum
3004 3115 3263 3195 alteram,

886 3202 1056 3287 cujus
1097 3211 1188 3267 est
1235 3206 1302 3267 in
1349 3205 1664 3288 praesentia
1713 3206 1985 3270 habenda
2030 3205 2275 3269 mentio.
2366 3204 2567 3290 Hujus
2611 3203 2885 3290 princeps
2915 3201 3265 3268 Ibernorum

881 3288 1160 3373 instituto
1219 3291 1479 3375 primum
1521 3291 1827 3357 dicebatur
1870 3292 2012 3357 Mac
2053 3291 2314 3357 Thomas
2371 3290 2535 3377 quod
2578 3312 2798 3357 nomen
2847 3290 3027 3355 titulo
3084 3291 3263 3355 comi-

885 3376 962 3439 tis
1012 3374 1210 3441 Desiae
1259 3376 1353 3441 vel
1403 3377 1742 3443 Desmoniae
1789 3378 1978 3465 (quod
2028 3378 2187 3443 idem
2238 3376 2360 3464 est)
2413 3377 2487 3443 ab
2518 3376 2735 3463 Anglis
2778 3376 2896 3443 fuit
2942 3384 3257 3441 mutatum.

883 3460 1081 3547 Igitur
1109 3462 1152 3527 J
1153 3462 1416 3529 ohannes
1467 3464 1810 3530 Giraldinus
1858 3488 2055 3530 comes
2096 3464 2435 3531 Desmoniae
2478 3476 2598 3530 tres
2626 3463 2837 3529 habuit
2878 3462 3112 3543 liberos,
3144 3463 3185 3528 J
3186 3465 3265 3528 ai·

885 3571 1048 3614 mum
1101 3560 1250 3616 natu
1295 3552 1638 3633 maximum,
1688 3552 2041 3618 Mauritium
2087 3552 2435 3631 secundum,
2480 3560 2541 3617 et
2570 3550 2612 3617 J
2614 3551 2911 3617 ohannem
2954 3550 3267 3615 minimum

883 3644 1048 3721 natu.
1103 3714 1110 3721 ‚
1136 3636 1180 3703 J
1181 3638 1418 3704 uniores
1449 3640 1570 3705 duo
1599 3638 1756 3705 diem
1806 3640 2092 3705 obeuntes
2140 3639 2293 3703 filios
2322 3661 2393 3705 su
2468 3638 2667 3703 rstites
2696 3638 3063 3723 reliquerunt
3090 3638 3263 3703 Mau-

885 3724 1056 3875 ritiff
1084 3724 1394 3807 Thomam,
1428 3728 1531 3813 qui
1558 3726 1679 3793 cito
1707 3728 1884 3814 periit
1906 3737 1967 3792 et
1987 3726 2028 3791 J
2029 3728 2246 3792 aimum
2270 3753 2285 3791 :
2332 3725 2373 3790 J
2376 3748 2410 3791 o
2454 3746 2657 3805 annes,
2674 3724 2984 3804 Thomam,
3004 3722 3047 3789 J
3046 3725 3265 3790 aimum

883 3820 944 3875 et
1045 3813 1346 3877 auritium.
1707 3842 1716 3860 ·

969 3896 1010 3961 J
1011 3898 1202 3965 aimus
1229 3899 1272 3964 J
1273 3900 1523 3965 ohannis
1551 3900 1812 3966 Comites
1854 3898 2030 3980 filius,
2061 3901 2164 3987 qui
2193 3900 2474 3965 defuncto
2502 3904 2670 3985 patre
2698 3920 2894 3963 comes
2931 3898 3065 3978 fuit,
3094 3904 3264 3962 natos

883 3992 1136 4069 quatuor
1179 3986 1525 4071 procreavit,
1556 3986 1847 4053 Thomam
1891 4010 1961 4053 co
2008 3996 2285 4053 nomento
2334 3981 2627 4065 Rubrum,
2658 4006 2731 4049 ex
2774 3982 3001 4049 Bochei
3042 3986 3263 4050 viceco-

882 4072 1044 4136 mitis
1093 4070 1236 4152 filia,
1309 4076 1386 4138 ua
1412 4072 1723 4159 repudiata
1751 4098 1825 4139 ex
1854 4074 1911 4141 O
1966 4078 1970 4080 ’
2005 4074 2210 4141 earulli
2239 4073 2523 4160 principis
2550 4070 2673 4137 filia
2699 4070 2764 4136 in
2794 4093 3039 4137 uxorem
3062 4070 3260 4149 ducta,

881 4156 1212 4238 Giraldum‚
1308 4160 1718 4245 ohannemque
1769 4162 2037 4248 suscipit.
2142 4160 2290 4226 Post
2318 4160 2498 4247 hujus
2524 4158 2852 4237 interitum,
2899 4157 2940 4222 J
2942 4159 3165 4223 simum
3192 4179 3263 4223 ex

877 4244 1018 4311 Mac
1048 4246 1286 4311 Carrhae
1315 4247 1597 4332 principis
1646 4248 1766 4312 filia
1815 4248 2079 4314 sustulit.
2168 4246 2434 4313 Moriens
2465 4246 2603 4312 verb
2633 4244 2943 4311 Giraldum
2974 4252 3148 4310 aetate
3176 4268 3261 4309 se-

810 4364 819 4373 ·
877 4332 1159 4413 cundum,
1209 4332 1521 4414 haeredem,
1552 4335 1986 4420 comitatusque
2007 4356 2401 4401 successorem
2432 4333 2673 4399 condito
2701 4339 3056 4398 testamento
3086 4332 3263 4417 scrip-

872 4420 1018 4484 sisse
1045 4420 1268 4485 fertur:
1299 4418 1545 4486 Thomae
1565 4442 1800 4507 quoque
1830 4430 1977 4487 natu
2005 4423 2260 4487 maximo
2290 4444 2412 4486 non
2430 4420 2777 4507 spernendis
2796 4418 3265 4519 possessionibus

872 4504 1212 4591 adsignatis.
1303 4506 1540 4579 Quibus
1569 4516 1766 4573 tamen
1795 4508 1893 4574 hic
1922 4508 2163 4574 minime
2186 4516 2507 4575 contentus
2535 4505 2611 4573 ad
2660 4514 3006 4572 comitatum
3053 4506 3261 4571 famili-

871 4612 1038 4675 aeque
1067 4592 1407 4660 clarissimae
1435 4596 1835 4682 principatum
1887 4596 2258 4683 adspirabat:
2308 4594 2409 4660 sed
2455 4596 2693 4673 frustra,
2724 4616 2863 4659 nam
2886 4618 2920 4659 a
2948 4592 3262 4660 clientibus

889 4874 900 4883 .
949 4788 1153 4883 *.Α.]).
1187 4794 1340 4847 1583.
1413 4794 1708 4867 Dowling’s
1737 4796 1958 4851 Λητωὶς.
