3634 5842
897 731 932 790 6
1343 727 1759 792 ο’5111.1.1111Λ111
1804 743 2119 788 maroam
2163 743 2551 802 cunonem,
2594 743 2743 788 1011.
2790 743 2836 786 1.
3044 723 3203 806 [un.
3236 743 3287 786 1.

892 901 1058 966 ribus
1099 901 1454 966 vocitantur.
1569 899 1669 964 Ex
1699 920 1819 983 quo
1862 898 2028 983 prius
2062 897 2139 961 ab
2192 896 2426 982 Anglis,
2458 896 2673 962 deinde
2701 896 2775 961 ab
2824 895 2954 961 aliis
2998 894 3290 980 gentibus

891 988 1186 1066 Ierlanda,
1235 987 1498 1064 Irlanda,
1530 994 1590 1050 et
1619 984 1885 1050 Irlandia
1928 983 2045 1047 fuit
2086 991 2450 1070 nuncupata,
2492 984 2560 1048 id
2601 991 2693 1049 est
2722 983 2872 1049 Ierae
2914 988 3093 1062 terra,
3138 1005 3286 1048 nam

891 1074 1230 1160 Anglorum
1288 1095 1558 1138 sermone
1601 1072 1782 1137 dictio
1834 1077 1876 1106 “
1890 1069 2073 1134 land”
2128 1070 2423 1154 significat
2467 1077 2703 1137 terram.
2808 1070 2981 1134 Alius
3032 1071 3287 1134 fratrum

892 1162 1110 1226 dicitur
1139 1160 1396 1226 Geraldo
1424 1159 1770 1225 cambrensi
1800 1157 2115 1235 Hermion,
2138 1156 2269 1221 aliis
2297 1155 2610 1236 Herimon,
2634 1167 2695 1224 et
2722 1157 3014 1222 Iverione.
3080 1155 3285 1234 Unde,

891 1248 958 1312 ni
985 1271 1081 1312 me
1124 1249 1464 1336 conjectura
1503 1245 1677 1325 fauit,
1721 1243 1919 1310 insula
1959 1253 2206 1308 vocatur
2246 1243 2519 1309 Iverione
2562 1246 2627 1310 in
2670 1244 2983 1310 Itinerario
3030 1243 3283 1308 Antonii

891 1337 1180 1420 Augusti.
1267 1334 1452 1399 Extat
1481 1340 1542 1398 et
1578 1333 1855 1398 Iuvernae
1895 1353 2117 1396 nomen
2159 1330 2319 1416 apud
2350 1331 2643 1412 Solinum,
2674 1331 3021 1416 Melamque
3050 1353 3279 1396 cosmo-

893 1423 1168 1508 graphOS,
1197 1427 1259 1488 et
1288 1419 1632 1487 Iuvenalem
1661 1419 1931 1484 Poetam.

1980 1549 2018 1579 “
2033 1546 2211 1598 Arma
2234 1544 2368 1616 quid
2392 1545 2543 1599 ultra

1529 1619 1746 1673 Littera
1771 1616 2024 1672 Iuvernae
2047 1617 2473 1686 promovimus.’'

977 1734 1216 1799 Dicitur
1244 1738 1306 1796 et
1335 1730 1544 1796 Insula
1574 1729 1929 1796 Sanctorum
1972 1725 2049 1792 ob
2079 1727 2387 1812 ingentem
2413 1727 2537 1792 vim
2572 1727 2863 1808 divorum,
2895 1729 3112 1815 quibus
3139 1727 3279 1792 olim

891 1822 1114 1886 floruit.
1208 1819 1346 1884 Alia
1374 1817 1619 1882 nomina
1647 1815 1865 1902 quibus
1896 1839 1930 1880 a
1959 1814 2299 1878 domesticis
2329 1814 2645 1895 historicis,
2690 1816 3001 1902 poetisque
3028 1815 3278 1881 celebra-

894 1916 992 1972 tur
1021 1930 1142 1974 non
1173 1913 1264 1971 est
1301 1903 1445 1990 quid
1485 1909 1839 1990 repetamus,
1925 1901 2146 2002 *Unum
2182 1899 2492 1965 ostendam
2530 1902 2791 1969 Scotiam
2826 1903 3007 1970 fuisse
3043 1903 3276 1968 dictam.

1928 2353 2108 2418 OAP.
2155 2352 2246 2418 II.

897 2520 1176 2574 Iberniam
1217 2520 1386 2573 fuisse
1411 2517 1634 2580 dictam,
1673 2517 1934 2580 scotiam,
1978 2516 2332 2641 etbltberno&
2380 2518 2599 2582 Scotos‚
2624 2517 2955 2572 auctoritate
2978 2517 3281 2588 aliquorum

1870 2631 1879 2644 .
1934 2605 2036 2660 pro
2076 2606 2109 2642 a
2134 2606 2221 2642 ur.

897 2743 1126 2808 Fuissn
1158 2743 1296 2808 huic
1325 2742 1557 2821 insulse,
1611 2741 1847 2820 Scotiae,
1886 2747 1947 2804 et
1990 2739 2245 2821 Ibernis,
2292 2741 2505 2819 Sectis,
2556 2763 2796 2820 nomen,
2842 2747 3041 2828 potest
3085 2741 3283 2826 colligi

897 2831 1246 2896 auctoritate
1291 2830 1639 2895 multorum.
1751 2829 2055 2914 Imprimis
2086 2829 2229 2894 satis
2280 2835 2632 2915 argumento
2690 2829 2927 2894 videtur
2974 2828 3281 2894 Claudiani

895 2940 1152 2983 carmen.

1401 3033 1438 3059 ‘⁸
1462 3023 1762 3077 Scotorum
1785 3022 2032 3078 cumulos
2057 3021 2207 3074 flevit
2230 2987 2479 3092 glacialis
2504 3018 2760 3075 Iberne.”

899 3175 1071 3240 Idem
1122 3173 1442 3239 clarissime
1485 3173 1657 3236 docet
1703 3171 2005 3250 AEthicuS,
2050 3171 2135 3236 sic
2184 3170 2487 3238 Iberniam
2531 3172 2936 3253 describendo,
2990 3180 3033 3210 “
3048 3173 3287 3240 Ibernia

896 3261 1092 3326 insula
1139 3261 1296 3325 inter
1344 3259 1713 3324 Britanniam
1746 3263 1808 3321 et
1850 3257 2207 3343 Hispaniam
2248 3257 2518 3342 longiore
2560 3258 2634 3324 ab
2681 3260 2883 3326 Africo
2926 3261 2991 3325 in
3032 3261 3285 3326 Boream

898 3349 1096 3434 spacio
1127 3346 1488 3433 porrigitur:
1535 3345 1706 3430 cujus
1735 3352 1933 3430 partes
1957 3381 1959 3384 >
1980 3345 2206 3430 priores
2242 3346 2492 3410 intentae
2534 3346 2834 3413 Cantabro
2873 3370 3116 3427 oceano,
3147 3347 3280 3412 Bri-

898 3437 1165 3521 gantiam
1211 3432 1484 3499 Galletiae
1527 3432 1830 3496 civitatem
1871 3433 1936 3496 in
1968 3432 2210 3496 circium
2243 3431 2359 3496 sibi
2380 3440 2788 3498 occurrentem
2810 3435 3071 3520 spatioso
3100 3436 3283 3500 inter-

895 3521 1052 3587 vallo
1082 3521 1291 3607 procul
1319 3525 1611 3605 spectant,
1642 3516 1716 3582 ab
1746 3540 1816 3582 eo
1846 3519 2144 3604 praecipue
2171 3520 2598 3603 promontori0‚
2622 3519 2727 3585 ubi
2758 3521 2996 3586 Seeanae
3022 3521 3287 3587 fluminis

899 3610 1118 3674 ostium
1149 3615 1258 3688 est,
1289 3607 1397 3671 ubi
1424 3603 1688 3684 Velabri,
1716 3604 2064 3690 Lucenique
2094 3606 2450 3670 consistunt.
2543 3607 2695 3672 Haec
2738 3609 2938 3693 priore
2973 3609 3286 3675 Britannia

898 3698 1090 3783 spatio
1111 3703 1402 3760 terrarum
1430 3692 1756 3778 angustior,
1787 3692 1935 3756 coelo
1981 3692 2239 3778 solisque
2279 3693 2563 3778 temperie
2581 3695 2771 3782 magis
2800 3695 2985 3774 utilis,
3018 3719 3052 3759 a
3081 3695 3284 3762 Scoto-

896 3806 1030 3849 rum
1054 3782 1333 3870 gentibus
1362 3779 1641 3847 colitur.”
1710 3777 1862 3844 Haec
1882 3779 2019 3845 ille:
2053 3801 2186 3865 quae
2203 3778 2487 3931 pluribus
2515 3780 2683 3846 Beda
2708 3781 3059 3847 venerabilis
3078 3785 3284 3847 confir-

897 3878 1042 3950 mat,
1091 3893 1165 3934 ex
1195 3869 1412 3954 quibus
1441 3889 1630 3953 pauca
1655 3865 1825 3931 lubet
1869 3867 1966 3933 1110
2014 3866 2203 3932 deseri
2245 3889 2382 3946 ere3
2430 3871 2472 3902 “
2492 3867 2774 3934 Ibernia”
2824 3868 3021 3954 inquit
3074 3875 3114 3905 “
3138 3869 3286 3935 divis

897 3956 1070 4022 lactis
1099 3979 1167 4020 ac
1197 3956 1386 4020 mellis
1413 3955 1626 4032 insula,
1657 3977 1768 4018 nec
1804 3954 2112 4020 vinearum
2142 3976 2368 4039 expers,
2401 3954 2673 4039 piscium,
2704 3955 3156 4041 volucriumque
3186 3957 3287 4022 sed

901 4050 963 4107 et
1020 4063 1329 4108 cervorum
1379 4048 1600 4104 venatu
1643 4040 1918 4122 insignis.
2010 4041 2162 4105 Haec
2213 4049 2413 4106 autem
2498 4044 2694 4128 ropria
2735 4043 2926 4126 patria
2970 4045 3285 4108 Scotorum

901 4137 1032 4210 est;
1079 4129 1154 4194 ab
1185 4127 1297 4193 hac
1347 4127 1588 4212 egressi,
1639 4133 1712 4189 ut
1757 4125 2037 4206 diximus,
2068 4128 2306 4192 tert-iam
2350 4127 2417 4192 in
2456 4063 2795 4208 IBritannia,
2842 4129 3195 4196 Britonibus
3224 4137 3285 4196 et

900 4218 1087 4282 Pictis
1144 4221 1384 4300 gentem
1443 4211 1838 4278 addiderunt’'
1894 4213 2045 4277 Haec
2094 4213 2279 4278 Beda.
2398 4213 2563 4280 Huic
2608 4216 2916 4281 assertioni
2962 4240 3085 4282 non
3136 4218 3285 4283 nihil

900 4306 1113 4370 virium
1157 4302 1347 4368 adfert
1388 4300 1568 4365 Pater
1612 4297 1902 4364 Ricardus
1944 4299 2236 4364 Convaeus
2266 4322 2298 4365 e
2328 4300 2621 4368 Societate
2663 4303 2705 4366 J
2706 4325 2813 4366 esu
2852 4303 3109 4369 referens
3158 4305 3285 4370 haec

899 4391 1079 4456 verba
1123 4411 1196 4454 ex
1247 4387 1512 4453 Henrico
1560 4385 1819 4450 CanisiO.
1912 4391 1953 4420 “
1976 4387 2192 4464 8001111,
2241 4408 2374 4472 quae
2422 4394 2484 4452 et
2514 4388 2755 4454 Ibernia
2796 4389 3031 4470 dieitur,
3074 4391 3285 4456 fertilis

901 4484 1242 4542 sanctorum
1289 4474 1504 4554 insula,
1565 4479 1626 4538 et
1685 4472 1987 4538 stellarum
2045 4495 2361 4539 numerum
2418 4497 2601 4560 prope
2646 4498 2894 4559 oequans
2942 4479 3285 4562 patrociniis

903 4569 1260 4639 sanctorum,
1297 4563 1364 4626 in
1413 4561 1737 4627 multorum
1782 4560 2035 4625 salutem
2084 4561 2368 4645 produxit
2394 4561 2769 4626 Wironem.”
2855 4563 2969 4628 Oui
2998 4565 3082 4629 rei
3109 4564 3286 4629 Cam-

901 4650 1130 4716 brensis
1157 4646 1337 4713 verba
1362 4647 1637 4714 tenebras
1665 4648 1961 4712 auferunt.
2025 4653 2068 4686 ‘⁶
2094 4645 2393 4718 Quoniam
2422 4647 2607 4732 igitur
2624 4647 2999 4716 Ibernienses
3028 4650 3101 4715 ab
3132 4653 3283 4732 istis,

773 4731 882 4799 [4.]
907 4744 976 4802 ut
1021 4737 1209 4814 aiunt,
1241 4735 1588 4820 originalem
1637 4734 1854 4799 lineam
1905 4734 2135 4800 ducunt
2179 4758 2215 4799 a
2242 4733 2520 4813 Gathelo,
2573 4741 2633 4800 et
2679 4737 2913 4820 Scota,u
2952 4738 3194 4802 Gatheli
3222 4746 3285 4803 et

910 4824 1073 4891 Scoti
1105 4823 1260 4888 sicut
1289 4831 1349 4886 et
1393 4822 1518 4887 nati
1563 4829 1723 4899 sunt,
1757 4822 1843 4886 sic
1872 4827 1932 4887 et
1960 4822 2274 4887 nominati.
2368 4819 2519 4886 Mox
2549 4822 2715 4889 addit
2759 4829 2801 4859 “
2818 4825 3017 4890 Scotia
3045 4846 3284 4910 quoque
