3634 5842
881 708 1008 773 128
1355 709 1768 776 o'sunnsvam
1813 729 2130 775 msronm
2164 730 2551 790 cai-nomon,
2584 731 2714 776 'ron
2761 730 2834 773 11.
2978 710 3139 795 [us.
3187 732 3273 777 tv.

700 869 863 939 [104]
886 887 1346 975 Burkorumque
1396 894 1576 975 gente
1625 887 1848 953 multos
1900 890 2211 971 extinxit.ss
2309 888 2504 959 Quam
2555 890 2930 975 tyrannidem
2978 889 3277 974 fugientes

882 975 1110 1059 equites
1160 974 1354 1041 Burki
1383 976 1504 1040 duo
1531 978 1596 1041 in
1633 974 1960 1055 castellum,
2014 977 2175 1061 quod
2225 977 2289 1040 in
2337 975 2473 1041 lacu
2522 976 2640 1062 ipsi
2666 976 2982 1055 habebant,
3014 999 3150 1041 cum
3182 977 3268 1041 fa-

885 1060 1053 1125 milia
1105 1064 1537 1128 secesserunt*
1623 1062 1716 1127 Εὸ
1767 1062 1845 1128 Bi
1932 1062 2142 1136 hamus
2181 1062 2485 1142 lintribus,
2528 1070 2706 1148 atque
2749 1062 3115 1150 pontonibus
3150 1062 3275 1127 adit

883 1148 1190 1232 manipulo
1219 1146 1478 1213 militum
1509 1150 1781 1234 stipatus.
1908 1172 1953 1213 n
1978 1149 2239 1216 insulam
2284 1172 2423 1215 cum
2453 1149 2527 1215 de
2554 1149 2829 1217 navicula
2857 1148 3271 1228 descendisset,

885 1233 1076 1299 Bur-ki
1128 1235 1368 1300 castello
1418 1241 1793 1322 erumpentes
1839 1242 2177 1301 occurrunt.
2268 1235 2553 1302 Haeretici
2594 1244 2763 1324 terga
2814 1242 3108 1303 vertentes
3138 1258 3271 1323 pro-

884 1326 1096 1405 perant
1123 1321 1517 1388 conscendere
1545 1328 1861 1408 pontones.
1928 1321 2299 1408 Urgentibus
2321 1322 2545 1389 Barkis
2566 1323 2941 1410 Binghamus
2966 1324 3033 1389 in
3062 1345 3273 1409 aquam

885 1428 1012 1471 sese
1057 1409 1234 1493 praeci
1274 1408 1434 1473 itans
1481 1408 1680 1474 nando
1729 1410 1830 1473 vix
1879 1410 2082 1474 evasit.
2188 1409 2424 1475 Eadem
2468 1411 2695 1475 saevitia
2740 1410 2987 1476 barbara
3033 1416 3272 1476 coactus

881 1492 1205 1579 Fargusius
1294 1494 1525 1561 ’Kealla
1551 1496 1616 1561 in
1645 1495 1825 1561 silvas
1855 1495 2230 1562 densissimas
2258 1519 2321 1561 se
2350 1519 2489 1561 cum
2528 1498 2735 1583 paucis
2784 1497 3031 1564 abdidit.
3120 1496 3273 1561 Inde

767 1660 776 1669 .
883 1602 1200 1667 erumpens
1251 1582 1484 1667 Anglos
1532 1604 1688 1667 saepe
1737 1583 1991 1668 impetit,
2039 1581 2113 1647 ab
2166 1583 2390 1648 eisdem
2440 1606 2677 1670 quoque
2730 1608 2809 1649 sae
2852 1582 2886 1648 e
2942 1584 3269 1670 impetitus.

881 1667 1069 1733 Illum
1097 1669 1354 1755 denique
1380 1670 1736 1755 impunitate
1766 1669 2055 1735 donatum
2074 1670 2450 1755 Binghamus
2478 1671 2687 1757 recipit
2713 1672 2778 1735 in
2850 1671 3004 1736 dem.
3092 1669 3305 1741 Brevi.

881 1761 1084 1820 tamen-
1175 1763 1269 1821 ost
1314 1778 1453 1821 cum
1499 1755 1824 1841 Fargusius
1870 1758 1937 1821 in
1984 1756 2137 1820 festo
2166 1756 2470 1822 Dominici
2500 1756 2711 1823 natalis
2743 1758 2905 1823 domi
2934 1780 3057 1823 suae
3084 1764 3271 1822 noctu

878 1839 1130 1907 laetibun
1170 1866 1242 1907 us
1293 1850 1564 1921 caenaret,
1615 1866 1652 1907 a
1693 1843 1946 1928 justitiae
1985 1842 2277 1923 ministro,
2328 1844 2703 1930 militumque
2749 1844 2985 1931 agmine
3012 1844 3207 1909 missis
3234 1867 3270 1908 a

881 1927 1000 1993 Bin
1042 1929 1218 1994 hamo
1264 1928 1584 2015 improviso
1628 1928 1951 1995 obsidetur.
2042 1929 2208 1995 Dum
2251 1931 2512 1996 haeretici
2554 1930 2789 1997 barbari
2817 1930 3045 1997 foribus
3074 1931 3268 1996 effrin-

879 1952 1090 2099 genffis
1148 2015 1526 2096 distineatur,
1587 2014 1953 2102 Fargusius†
2008 2038 2115 2102 per
2172 2015 2621 2083 subterraneum
2678 2018 3039 2097 cuniculum,
3092 2039 3271 2103 quem

944 2256 969 2283 ‘
1007 2252 1161 2309 A.D.
1195 2254 1349 2307 1586.
1422 2251 1578 2306 Four
1606 2252 1863 2315 Masters,
1887 2269 1941 2324 p.
1982 2252 2134 2311 1847.
2220 2250 2394 2325 Hag’s
2422 2252 2609 2308 Oastle
2634 2254 2690 2307 in
2716 2252 2917 2326 Lough
2946 2253 3123 2309 Mask.

943 2348 974 2412 †
1001 2345 1092 2399 No
1107 2344 1292 2398 notice
1309 2342 1597 2415 ofFergus
1617 2342 1820 2398 O’Kell
1872 2360 2101 2416 appears
2115 2344 2172 2398 in
2188 2343 2283 2397 the
2300 2344 2456 2398 Four
2484 2344 2743 2412 Masters,
2761 2364 2827 2399 or
2851 2346 2943 2400 the
2970 2347 3140 2401 tribes
3158 2347 3268 2401 and

874 2425 1114 2472 customs
1133 2415 1200 2471 of
1240 2412 1548 2487 Hy·Many‚
1573 2415 1674 2469 but
1697 2414 1753 2469 in
1846 2417 2063 2487 ooney's
2101 2413 2312 2499 history
2336 2415 2403 2469 of
2418 2415 2513 2469 the
2537 2415 2918 2479 Franciscans,
2943 2418 2989 2472 it
3012 2417 3057 2471 is
3084 2417 3269 2471 stated

872 2490 995 2543 that
1035 2489 1196 2542 down
1237 2494 1296 2541 to
1340 2487 1436 2540 the
1477 2486 1610 2540 time
1651 2492 1710 2540 at
1751 2485 1929 2539 which
1970 2485 2040 2540 he
2064 2504 2174 2540 was
2199 2486 2439 2557 writing,
2464 2486 2618 2541 ΑΔ).
2654 2488 2806 2550 1617,
2831 2487 2927 2541 the
2951 2495 3182 2543 convent
3207 2487 3275 2543 of

873 2558 1206 2621 Kilconnell,
1229 2557 1472 2612 founded
1493 2557 1529 2611 b
1588 2557 1682 2611 the
1709 2556 1966 2629 O'Kelly,
1992 2574 2100 2610 was
2123 2564 2215 2628 yet
2256 2558 2486 2627 perfect,
2522 2557 2734 2629 though
2756 2558 2803 2611 it
2826 2557 2935 2612 had
2958 2576 3088 2630 very
3112 2558 3266 2613 often

870 2630 1008 2685 been
1039 2628 1303 2701 occupied
1325 2629 1396 2700 by
1420 2629 1514 2683 the
1529 2576 1774 2701 {lnglish
1795 2628 1975 2682 forces
2000 2627 2057 2683 in
2080 2628 2175 2681 the
2200 2645 2394 2683 course
2418 2628 2485 2682 of
2510 2628 2607 2681 the
2630 2645 2790 2692 war-s,
2816 2630 2924 2683 and
2946 2630 3068 2684 that
3092 2630 3266 2703 Bing-

872 2701 1002 2756 ham
1025 2700 1249 2755 himself
1265 2700 1376 2754 had
1397 2699 1501 2753 left
1537 2699 1633 2753 the
1672 2699 1867 2753 Friars
1908 2699 1964 2753 in
2003 2698 2325 2769 possession,
2351 2698 2460 2752 and
2498 2700 2734 2754 ordered
2758 2700 2907 2754 them
2931 2708 2990 2754 to
3014 2719 3269 2773 preserve

869 2773 934 2829 it.
1011 2781 1048 2808 “
1073 2772 1326 2827 Fuerunt
1350 2788 1489 2842 saepe
1511 2770 1568 2823 in
1591 2770 1698 2825 isto
1724 2777 1995 2825 conventu
2018 2770 2284 2824 stationes
2324 2770 2561 2823 militum
2600 2770 2909 2842 Anglorum
2949 2772 3265 2827 constituta

871 2852 1120 2916 tempore
1141 2842 1290 2905 belli,
1314 2859 1591 2912 nunquam
1614 2848 1798 2895 tamen
1841 2848 2169 2895 conventum
2204 2839 2450 2895 demoliti
2485 2848 2631 2904 sunt,
2655 2842 2751 2895 sed
2774 2850 2957 2896 manet
2980 2843 3159 2897 adhuc
3182 2844 3264 2897 in·

873 2911 2881 3040 ‘2330320230smssffitssf‘izsffi”msq‘zzttAEffiassssnfflffiozssu
2905 2913 3050 3038 ³3:11¹·
3050 2930 3128 2997 ⁸³³
3152 2930 3263 3039 ¹³2¹:

870 3005 1036 3111 :itiam
1059 3058 1116 3109 in
1133 3004 1360 3137 siiigulis
1374 3000 1744 3109 contubgrniis
1757 3000 2030 3107 hazebmt
2053 3060 2109 3106 et
2132 3052 2315 3107 locum
2339 3054 2591 3107 sordibus
2612 3054 2807 3125 saepius
2828 3002 3265 3126 removal-3133...

867 3135 908 3163 “
925 3139 1175 3198 aspectus
1201 3142 1320 3194 ejus
1344 3124 1415 3177 ad
1436 3123 1782 3178 devotionem
1799 3123 2143 3177 excitandam
2159 3124 2456 3195 plurimum
2473 3123 2669 3194 juvat:
2704 3125 2941 3195 parietes
2959 3127 3265 3181 constructi

867 3206 996 3251 sunt
1021 3214 1088 3250 ex
1112 3196 1318 3267 optimo
1341 3194 1541 3265 lapide,
1566 3211 1799 3265 quorum
1840 3210 2040 3265 magna
2060 3211 2188 3265 pars
2211 3202 2295 3249 est
2317 3195 2476 3249 valde
2498 3194 2668 3266 polite
2691 3203 2871 3250 secta:
2910 3197 3110 3268 tegula
3132 3206 3265 3253 sunt

869 3268 909 3323 li
988 3285 1081 3330 eae,
1106 3274 1163 3321 et
1186 3266 1432 3320 celatura
1456 3265 1694 3319 ecclesiae
1717 3264 1875 3319 valde
1900 3265 2153 3336 pulchra:
2172 3273 2377 3337 septem
2393 3272 2520 3321 sunt
2542 3266 2756 3330 altaria,
2768 3268 3066 3338 campanile
3090 3268 3263 3322 turris

927 3346 1002 3405 ta,
1025 3346 1082 3391 et
1103 3336 1178 3391 ibi
1204 3353 1465 3408 campana
1485 3336 1618 3390 satis
1655 3352 1855 3419 magna
1876 3342 1934 3389 et
1956 3336 2117 3398 bona,
2142 3354 2261 3407 quae
2296 3336 2618 3391 mirabiliter
2642 3355 2831 3391 manus
2855 3338 3260 3403 haereticorum,

874 3410 970 3482 qui
994 3408 1305 3480 hujusmodi
1329 3406 1637 3461 avidissime
1661 3406 1929 3477 diripiunt
1944 3408 2171 3461 evasit.”
2242 3406 2310 3462 In
2334 3407 2428 3461 the
2451 3426 2581 3480 year
2604 3411 2759 3473 1596,
2776 3408 3009 3481 Oaptain
3037 3410 3261 3482 Stryok,

872 3482 995 3535 who
1019 3498 1130 3535 was
1153 3478 1447 3549 quartered
1478 3477 1634 3533 there
1658 3477 1790 3531 with
1813 3476 2002 3531 fifteen
2025 3484 2149 3533 troo
2188 3495 2214 3531 s
2237 3478 2303 3533 of
2318 3478 2564 3542 soldiers,
2590 3481 2651 3549 (a
2670 3480 2819 3551 good
2840 3498 2967 3534 man
2990 3480 3204 3554 though
3228 3499 3262 3535 a

870 3551 1098 3614 heretic,
1121 3549 1210 3604 for
1235 3548 1264 3603 I
1290 3548 1445 3603 knew
1470 3548 1582 3602 him
1605 3549 1728 3602 well
1750 3548 1895 3603 saith
1920 3566 2023 3603 our
2046 3496 2273 3619 author)
2300 3550 2535 3605 ordered
2567 3552 2663 3605 the
2687 3550 2851 3606 friars
2874 3560 2933 3606 to
2954 3552 3164 3606 remain
3200 3552 3257 3607 in

869 3623 964 3677 the
989 3627 1241 3705 convent,
1267 3621 1374 3675 and
1395 3620 1631 3691 pledged
1653 3619 1879 3674 himself
1892 3628 1953 3675 to
1970 3620 2167 3691 punish
2184 3640 2295 3706 any·
2309 3621 2512 3706 soldier
2529 3622 2651 3707 who
2670 3623 2865 3677 should
2879 3622 3015 3707 dare
3037 3629 3097 3677 to
3118 3623 3263 3707 burn

867 3691 1928 3848 ffgn‘t'fis‘ffi&22323321523‘332
1951 3692 2993 3828 35250‘33‘3333r3'523snsslssssffe
3013 3694 3257 3819 ‘1¹12ssss

867 3843 928 3890 to
951 3853 1045 3907 say
1068 3852 1208 3889 mass
1232 3834 1500 3906 privately
1521 3852 1578 3888 1n
1602 3836 1697 3889 the
1718 3834 1968 3919 sacristy,
1992 3835 2100 3888 and
2123 3834 2232 3888 had
2256 3851 2405 3888 some
2424 3835 2554 3889 cells
2570 3835 2659 3890 for
2677 3836 2822 3890 their
2840 3854 2961 3891 own
2986 3836 3257 3891 exclusive

867 3924 963 3961 use
986 3908 1043 3960 in
1065 3907 1160 3961 the
1184 3904 1505 3977 dormitor-y.
1575 3905 1696 3959 But
1717 3906 1794 3959 all
1813 3906 1960 3960 theu·
1998 3906 2237 3977 gai-dens
2277 3906 2386 3959 and
2408 3906 2675 3960 orchards
2698 3924 2840 3961 were
2864 3915 2961 3960 cut
2985 3907 3145 3962 down
3166 3906 3256 3961 for

865 3979 965 4032 fire
989 3978 1059 4050 by
1083 3977 1178 4031 the
1203 3976 1448 4039 soldiers,
1473 3975 1594 4030 who
1620 3978 1785 4031 could
1824 3985 1925 4031 not
1965 3984 2194 4031 venture
2234 3976 2358 4031 half
2388 3994 2423 4030 a
2460 3976 2589 4031 mile
2611 3977 2729 4032 into
2765 3978 2859 4032 the
2894 3978 3047 4032 thick
3072 3978 3255 4033 woods

865 4050 1080 4104 around
1103 4048 1199 4102 the
1227 4054 1462 4101 convent
1485 4047 1722 4103 without
1745 4048 1925 4132 lesing
1944 4066 2093 4102 some
2117 4047 2183 4103 of
2198 4047 2342 4101 their
2366 4062 2509 4101 men.

937 4122 1134 4174 “Ante
1157 4119 1254 4172 illa
1275 4124 1386 4171 tem
1425 4135 1526 4172 ora
1539 4117 1810 4172 Dominus
1836 4118 2151 4173 Richardus
2170 4118 2532 4191 Binghamus‚
2546 4118 2837 4191 provincie
2854 4118 3143 4174 Oonnaciae
3154 4136 3254 4191 gu-

862 4192 1144 4256 bernator,
1169 4188 1256 4242 vir
1280 4206 1378 4241 cru
1419 4188 1517 4243 elis
1541 4196 1598 4243 et
1621 4190 2085 4261 sanguinolentus,
2110 4189 2205 4261 qui
2227 4191 2509 4261 tyrannice
2532 4190 2719 4244 multis
2742 4190 3121 4245 innocentibus
3152 4208 3254 4261 pro

861 4262 968 4316 fide
993 4268 1227 4315 mortem
1249 4258 1440 4313 intulit
1459 4266 1644 4314 tamen
1680 4260 1875 4344 saepius
1911 4260 2128 4315 veniens
2152 4261 2223 4314 ad
2245 4260 2383 4315 illud
2405 4262 2794 4316 monasterium
2818 4261 3002 4316 dicere
3025 4260 3252 4327 solebat,

861 4330 1654 4457 ffiosszffifffffflssaffi
1675 4330 3255 4470 ffilawosszss‘gsstffi‘zzsssssss‘ff?xbffffsss‘ssfaffz

897 4474 1083 4528 eriret.
1163 4472 1330 4537 Quod
1351 4480 1416 4529 ut
1437 4474 1564 4528 talis
1606 4421 1816 4528 ‹ling-et
1855 4482 1913 4529 et
1937 4420 2073 4529 liieri
2113 4460 2479 4546 permitteret,
2503 4492 2605 4547 ego
2640 4492 2750 4528 non
2784 4475 2887 4528 nisi
2912 4475 2966 4528 in
2992 4473 3253 4529 Divinam

912 4545 1276 4599 revidentiam
1299 4543 1510 4599 referre
1530 4546 1706 4631 potui,
1731 4562 1850 4617 quae
1873 4545 1953 4599 ita
1976 4544 2241 4617 disposuit
2258 4554 2325 4601 ut
2346 4545 2578 4600 fortasse
2602 4553 2902 4600 conventus
2923 4544 3016 4601 ille
3040 4546 3252 4629 integer

859 4632 1148 4669 mansurus
1190 4616 1280 4679 sit,
1323 4622 1410 4670 tot
1453 4616 1574 4670 aliis
1618 4617 1835 4680 dirutis,
1886 4617 2059 4672 donec
2108 4616 2263 4671 Deus
2302 4617 2533 4670 meliora
2574 4622 2824 4687 tempora
2870 4624 3217 4671 concesserit.
3225 4618 3255 4639 ’⁹

859 4685 1087 4739 Fratres
1111 4694 1295 4741 antem
1319 4686 1412 4759 qui
1436 4687 1493 4740 in
1519 4694 1790 4742 conventu
1809 4688 2180 4743 conservando
2209 4704 2431 4759 operam
2446 4687 2717 4742 dederunt
2740 4686 2967 4741 fuerunt
2990 4687 3251 4743 Solomon

857 4755 988 4810 Mac
1013 4756 1064 4809 Ε
1108 4774 1197 4820 an,
1225 4756 1324 4810 Hu
1363 4775 1396 4812 ο
1421 4758 1552 4811 Mac
1577 4758 1743 4830 Egan
1767 4766 1825 4813 et
1850 4758 2139 4830 Philippus
2159 4757 2375 4813 Cluana
2398 4758 2603 4825 (Olune
2619 4761 2673 4828 Ρ)
2712 4758 2805 4831 qui
2830 4758 3009 4812 adhuc
3036 4758 3172 4812 vivit
3196 4766 3253 4812 et

854 4844 976 4882 meo
994 4826 1064 4896 -ju
1105 4827 1227 4890 ‘cio,
1252 4828 1298 4881 si
1345 4836 1452 4882 icet
1493 4829 1766 4884 hominem
1805 4831 1863 4884 in
1906 4830 2021 4885 vita
2060 4830 2286 4885 laudare
2326 4829 2485 4899 plane
2528 4836 2748 4883 sanctus
2782 4846 2847 4884 ac
2884 4828 3011 4884 Deo
3055 4830 3253 4885 charus
