3634 5842
1235 783 1436 828 INDEX
1466 781 1760 826 CAPITUM.
2568 775 2683 818 XXV

404 984 590 1070 'CAR
742 1009 824 1064 ΙΙ.
869 1008 978 1072 Qui
1020 1025 1122 1078 pro
1163 1007 1300 1060 Fide
1327 1005 1612 1060 Catholioa
1658 1009 2008 1075 sumpserunt
2048 1018 2219 1062 arma,
2256 1015 2442 1052 nume-
2523 945 2674 1097 pm?

703 1151 818 1206 111.
862 1087 1222 1215 Quffigffiem
1247 1165 1430 1202 omnes
1456 1147 1641 1203 Iberni
1685 1147 1753 1202 ab
1795 1143 2063 1200 hereticis
2088 1161 2197 1197 non
2224 1103 2431 1197 defece·
2578 1073 2677 1122 142

936 1222 1066 1288 rint,
1091 1220 1402 1305 disputatur
1495 1250 1518 1263 -
2103 1248 2126 1260 -
2408 1243 2431 1258 -
2580 1215 2678 1264 143

709 1293 814 1347 IV.
853 1293 981 1347 Non
1003 1291 1187 1354 armis,
1211 1292 1306 1345 sed
1328 1289 1539 1344 artibus
1561 1289 1726 1343 variis
1751 1288 1978 1344 lbernos
2002 1285 2167 1339 fuisse
2191 1291 2471 1355 superatos
2572 1285 2670 1336 145

746 1364 816 1418 V.
859 1365 1081 1420 lbernos
1105 1381 1215 1418 non
1238 1371 1352 1416 tam
1375 1361 1444 1415 ab
1469 1360 1684 1434 Augus,
1709 1376 1871 1430 quam
1908 1357 2043 1412 alios
2068 1356 2135 1410 ab
2160 1356 2279 1410 aliis
2320 1371 2433 1408 esse

709 1435 1186 1569 Ἦ.ριι(ἱ1ἓ1“ιιιοεξιῗι8ι
1228 1521 1414 1559 rerum
1458 1510 1632 1558 status
1671 1502 1728 1555 in
1772 1499 1992 1558 Ibernia
2032 1499 2135 1551 hoe
2172 1497 2313 1551 bello
2352 1460 2432 1550 in:
2579 1427 2679 1478 146

937 1577 1200 1648 cipiente.
1186 1583 1210 1614 '³
1493 1609 1514 1618 -
1801 1604 1823 1615 —
2104 1599 2131 1614 -
2414 1602 2433 1611 -
2580 1567 2679 1625 147

1073 1819 1292 1885 ΤΟΜΙ
1345 1818 1473 1884 ΠΙ.
1519 1816 1781 1883 LIBER
1822 1815 1913 1882 II.

963 2043 1048 2087 ΒΕ
1075 2041 1272 2086 nmmo
1304 2039 1666 2091 omnnem
1695 2039 2030 2086 ANNORUM.

776 2199 826 2253 1.
865 2199 954 2253 De
1015 2197 1272 2269 Hispana·
1339 2196 1523 2250 elassis
1592 2195 1899 2280 naufragio,
1959 2195 2189 2250 Alfonso
2250 2195 2440 2260 Leiv2,

938 2269 988 2325 Ο
994 2269 1259 2332 ’,Ruarko
1285 2268 1412 2321 Mac
1437 2267 1659 2322 Suinnio
1685 2267 1938 2322 Tuethioe
1961 2276 2017 2321 et
2038 2267 2159 2321 aliis
2581 2271 2681 2322 149

747 2341 831 2396 ΙΙ.
873 2341 1130 2425 Lageniae
1153 2346 1336 2394 motus
1359 2346 1417 2392 et
1411 2339 1604 2422 aliqui
1629 2356 1785 2392 casus
2420 2374 2441 2385 -
2587 2341 2689 2393 152

719 2409 1099 2467 111.Tironae
1122 2428 1320 2473 comes,
1336 2409 1428 2481 qui
1451 2409 1686 2482 Anglis
1671 2427 1726 2463 ιιι
1747 2409 2060 2466 rebellionis
2084 2411 2442 2482 suspicionem

949 2482 1115 2549 venit,
1139 2481 1302 2551 injus
1326 2488 1556 2534 vocatur
2116 2514 2138 2526 -
2420 2515 2443 2529 -
2587 2484 2686 2536 153

715 2553 821 2608 IV.
860 2553 1214 2608 Ultoniorum
1240 2551 1452 2636 obsides
1475 2551 1544 2606 ab
1568 2551 1764 2623 Anglis
1786 2550 2010 2636 fugiunt
2116 2585 2139 2597 -
2590 2557 2689 2608 154

751 2625 824 2679 V.
865 2623 1058 2678 Bubei-
1074 2624 1170 2677 de'
1157 2623 1374 2693 injuriis
1388 2622 1490 2676 sibi
1513 2623 1682 2678 illatis
1700 2631 1979 2707 queritur,
1996 2629 2052 2677 et
2073 2623 2122 2679 O
2128 2623 2447 2680 ’Donnellus

952 2702 1168 2749 oreatus
1190 2694 1426 2766 patriam
1449 2694 1516 2747 ab
1540 2694 1732 2748 hoeresi
1755 2694 1952 2748 statuit
1974 2695 2251 2749 vindicare
2588 2699 2690 2749 156

716 2764 824 2820 VI.
863 2765 994 2819 Mae
1018 2765 1192 2819 Guier
1233 2772 1428 2819 eontra
1469 2765 1851 2818 Protestautes
1891 2782 2045 2818 arma
2066 2767 2249 2820 sumit.
2323 2766 2443 2820 Ed-

945 2836 1181 2890 mundus
1206 2835 1436 2890 Ibernioe
1460 2834 1674 2889 Primae
1697 2853 1731 2888 a
1752 2835 1919 2907 regiis
1944 2835 2215 2891 occiditur
2242 2843 2301 2890 et
2324 2837 2443 2892 aliae

947 2908 1112 2963 varie
1133 2923 1224 2962 res
2588 2908 2688 2968 157

679 2975 820 3033 VII.
861 2977 990 3032 Mae
1019 2978 1194 3032 Guier
1217 2976 1446 3032 adverso
1467 2984 1646 3031 marte
1687 2993 1812 3030 eum
1840 2977 1994 3049 regio
2020 2977 2265 3032 exercitu
2288 2978 2441 3034 dimi-

944 3056 1053 3112 eat,
1069 3056 1126 3103 et
1141 3048 1500 3104 Iniskillinam
1523 3065 1707 3102 arcem
1730 3065 1830 3131 per
1852 3049 2219 3132 proditionem
2241 3050 2447 3105 amittit
2592 3054 2691 3106 159

653 3117 828 3174 VIII.
872 3119 1210 3175 O'Donellus
1254 3119 1624 3176 lniskillenam
1665 3118 1895 3183 obsidet,
1930 3127 1989 3174 et
2028 3119 2087 3174 in
2128 3119 2450 3206 Hispaniam

945 3191 1188 3263 legatum
1211 3191 1387 3245 mittit
1410 3189 1681 3246 Catholici
1702 3208 1735 3244 r
1876 3209 2033 3276 opem
2057 3191 2411 3266 efflagitatum
2592 3197 2687 3248 161

716 3262 827 3317 IX.
869 3261 1126 3335 Lageniae
1149 3270 1332 3316 motus
1354 3270 1708 3346 renovantur.
1806 3279 1864 3316 es
1888 3263 2049 3318 varie
2072 3263 2395 3319 referuntur
2582 3267 2645 3320 16
2661 3269 2695 3317 2

747 3329 824 3388 X.
867 3334 1106 3389 Tironus
1129 3351 1309 3389 eomes
1348 3333 1420 3387 ob
1461 3333 1639 3388 varias
1675 3350 1863 3388 causas
1888 3333 2381 3390 protestantibus
2365 3355 2446 3390 ιιι-

946 3404 1132 3460 sensus
1154 3413 1212 3459 et
1233 3405 1406 3490 mag-is
1429 3413 1710 3477 &aspectus
1731 3405 1984 3459 redditur
2121 3441 2145 3453 -
2422 3438 2448 3453 -
2595 3409 2692 3460 164

712 3475 824 3539 xl,
864 3474 921 3531 R
1012 3494 1076 3530 us
1117 3477 1392 3531 exercitus
1432 3476 1502 3530 ad
1544 3476 1744 3530 vadum
1784 3476 2153 3532 biscoctorum
2188 3495 2390 3548 panum
2414 3497 2449 3531 a

923 3493 1078 3601 afim
1103 3546 1310 3602 Guiere
1333 3556 1390 3601 et
1405 3547 1678 3603 Cormako
1707 3547 1757 3602 Ο
1761 3547 1834 3600 N
1837 3547 1942 3601 ello
1956 3547 2225 3602 funditur.
2260 3549 2309 3603 O
2314 3547 2449 3602 'Do-

949 3618 1124 3674 nellus
1179 3617 1548 3675 Iniskillenam
1607 3619 1664 3672 in
1724 3619 2057 3675 deditionem
2117 3619 2333 3691 accipit,
2394 3626 2450 3673 et

949 3690 1160 3774 Anglos
1193 3689 1526 3744 Gonnaohtoe
1547 3689 1843 3743 labefactat
2594 3692 2694 3743 165

679 3759 824 3814 XII.
867 3759 1123 3814 calvaria
1158 3761 1396 3844 acceptis
1437 3760 1505 3814 ab
1545 3760 1612 3814 O’
1616 3759 1854 3813 Donello
1889 3759 2105 3814 auxiliis
2152 3759 2445 3814 Bellikiam

949 3847 1132 3883 arcem
1177 3831 1234 3884 in
1275 3849 1430 3884 suam
1477 3836 1804 3912 potestatem
1849 3831 2070 3913 redigit,
2113 3847 2237 3884 oum
2279 3831 2447 3903 regiis

948 3917 1208 3972 prospere
1232 3901 1456 3954 dimicat
1477 3906 1535 3953 et
1560 3899 1690 3952 Mae
1715 3898 2025 3954 Williamus
2050 3909 2269 3955 creatur
2425 3936 2448 3948 -
2595 3905 2694 3956 168

649 3971 827 4026 XIII.
867 3971 1181 4056 Auglorum
1253 3970 1532 4024 residium
1570 3970 1863 4024 Portmore
1888 3971 2129 4044 pellitur,
2154 3981 2212 4027 et
2240 3974 2297 4028 in
2324 3973 2450 4028 Mu-

953 4042 1188 4096 niohano
1215 3989 1456 4095 bustello
1481 4040 1761 4096 obsidetur
1823 4072 1845 4085 -
2124 4079 2147 4090 -
2428 4080 2451 4092 -
2600 4045 2699 4104 170

1060 4309 1279 4375 ΤΟΜΙ
1321 4307 1450 4373 III.
1493 4307 1756 4376 LIBER
1797 4308 1927 4374 ΠΙ.

971 4541 1056 4585 ΒΕ
1085 4539 1288 4584 13an
1319 4537 1682 4588 (mmmmm
1709 4536 2046 4582 Momm.

787 4702 836 4757 1.
877 4701 1182 4773 Utriusque
1206 4699 1379 4773 partis
1404 4697 1660 4761 bellandi,
1683 4699 2065 4784 pugnandique
2088 4717 2157 4773 ap
2194 4707 2380 4756 aratus
2403 4710 2460 4757 et

957 4774 1192 4844 patroni.
1272 4772 1468 4827 Comes
1513 4769 1776 4835 Tirenus,
1798 4770 2051 4843 princeps
2078 4771 2145 4827 Ο·
2205 4772 2341 4828 ellus
2376 4773 2458 4827 in-

911 4850 1266 4915 auguratur
1515 4875 1538 4886 -
2131 4876 2157 4893 -
2437 4879 2459 4891 -
2608 4845 2701 4902 171
