3634 5842
393 621 528 666 cu».
575 601 696 686 1x.]
1057 621 1140 665 nn
1185 621 1467 668 manum.
1511 624 1648 669 srru
1693 623 1770 668 ΕΤ
1810 623 2084 670 NATURA.
2685 603 2763 667 17

389 781 499 854 est,
528 781 601 842 ut
643 797 756 842 nee
801 774 1022 841 nebula
1068 774 1354 854 inficiens,
1408 797 1517 842 nee
1567 777 1808 863 spiritus
1858 777 1957 843 hie
2006 773 2308 862 pestilens,
2336 796 2447 841 nee
2472 795 2616 840 sura
2643 796 2770 840 eor-

389 884 690 948 rumpens.
799 861 1176 928 Medicorum
1224 883 1262 926 o
1335 885 1404 928 ra
1449 885 1660 948 parum
1707 863 1941 950 indiget
1991 862 2223 930 insula:
2268 860 2567 927 morbidos
2610 861 2771 927 enim

389 949 662 1016 homines
705 953 928 1035 praeter
976 883 1362 1015 moribunrl‘gs
1406 971 1627 1036 paucos
1675 950 1961 1016 invenies.
2046 949 2217 1014 Inter
2261 949 2571 1014 sanitatem
2630 971 2772 1014 eon-

387 1036 639 1117 tinuam,
689 1043 1055 1122 mortemque
1105 1057 1436 1122 supremam
1482 1036 1633 1102 nihil
1679 1037 1802 1103 fere
1840 1036 2167 1103 medium.’'
2274 1036 2533 1103 Inferius
2584 1035 2769 1100 addit.

389 1128 434 1158 “
458 1123 620 1190 Item
647 1146 824 1189 nemo
873 1122 1285 1210 indigenarum
1335 1123 1433 1188 hie
1469 1128 1648 1189 natus
1697 1130 1934 1206 terram,
1964 1145 2274 1210 aeremque
2302 1121 2597 1188 salubrem
2646 1143 2771 1188 non

387 1232 678 1297 egressus,
709 1211 832 1276 ulla
849 1211 1042 1327 ,trium
1068 1231 1354 1310 generum
1396 1211 1590 1363 szeeie
1629 1210 1987 1312 febricitavit
2006 1239 2053 1312 ².
2067 1211 2193 1276 sola
2218 1219 2508 1310 vexantur
2556 1216 2768 1288 aeuta3

387 1297 2006 1472 &lapfflfflssfffflssffissmssffiffigffiffi
2032 1299 2219 1451 331,ss
2242 1297 2771 1470 ἒὶῗιῗὲῗῖῗὲξὲἷ

387 1473 644 1556 gativam
674 1480 736 1538 et
766 1471 966 1539 dotem
994 1478 1067 1537 ut
1113 1470 1350 1538 nullum
1396 1473 1606 1556 gignat
1631 1480 1989 1539 venenatum
2018 1472 2253 1551 animal,
2284 1471 2517 1537 nullum
2557 1470 2768 1557 reptile

391 1559 658 1625 noxium.
748 1559 1036 1631 Quinimo
1064 1565 1244 1638 certa,
1273 1559 1507 1644 citaque
1550 1581 1710 1626 mors
1747 1582 1953 1626 eorum
1981 1565 2074 1626 est
2100 1558 2177 1626 ad
2204 1559 2465 1646 primum
2507 1556 2769 1624 Iberniei

390 1646 538 1711 aeris
565 1653 903 1726 attractum,
934 1647 986 1711 si
1023 1646 1176 1712 forte
1218 1645 1456 1711 aliunde
1494 1646 1878 1713 advehuntur.
1964 1647 2153 1713 Porro
2182 1645 2470 1732 quidquid
2497 1645 2637 1710 inde
2665 1644 2767 1711 ad-

394 1733 646 1813 vehitur,
675 1740 882 1800 eontra
929 1755 1155 1799 venena
1181 1731 1376 1798 valere
1401 1732 1718 1818 probatum
1759 1733 1913 1800 est.’'
1997 1733 2213 1799 Petrus
2239 1735 2503 1819 Apianus
2530 1732 2767 1797 Mathe-

393 1821 643 1886 maticus
670 1822 736 1884 in
763 1843 871 1886 sua
897 1819 1344 1906 cosmographia
1391 1820 1474 1884 ait
1503 1825 1546 1856 “
1561 1819 1826 1886 Irlandia
1865 1828 1957 1886 est
1982 1820 2178 1886 insula
2202 1820 2494 1899 foeeunda,
2525 1825 2587 1885 et
2614 1818 2772 1884 salu-

393 1905 536 1986 bris,
566 1908 936 1994 serpentibus
965 1913 1026 1972 et
1075 1906 1384 1972 venenosis
1406 1905 1742 2007 ‘reptilibus
1789 1929 2033 1973 carens:
2078 1929 2261 1994 equos
2288 1907 2474 1973 mittit
2514 1905 2770 1972 ferendis

392 1992 672 2059 oneribus
709 1993 1107 2080 aptissimos.''
1195 1993 1354 2059 Haee
1401 2016 1469 2058 1n
1517 1993 1926 2079 probationem
1969 2015 2193 2074 eorum,
2224 2015 2365 2079 quae
2393 1995 2766 2074 asseruimus,

391 2079 662 2147 retulisse
681 2081 994 2148 suffecerit.
1077 2081 1179 2149 Ad
1199 2102 1324 2147 rem
1349 2079 1529 2168 longe
1556 2080 1969 2149 mirabiliorem
1995 2103 2327 2170 pergamus.
2344 2083 2378 2166 ss
2790 2103 2935 2175 [14.]
