3634 5842
959 1489 1303 1588 DOMINI
1371 1487 1803 1582 PHILIPPI
1854 1487 2463 1592 O’SULLEVANI
2512 1484 2873 1578 BEARRI
2968 1479 3366 1599 IBERNI,

1683 1705 1907 1773 ΤΟΜΙ
1948 1705 2077 1772 111.
2164 1703 2429 1771 LIBER
2468 1700 2584 1766 VI.

1519 1892 1618 1944 DE
1647 1893 1882 1946 BELLO
1914 1891 2331 1958 QUINDECIM
2362 1887 2743 1942 ANNORUM.

957 2057 1312 2128 Hucusuun
1351 2055 1791 2122 catholicorum
1820 2055 2089 2121 foelicitas
2160 2052 2421 2120 recessit.
2468 2049 2633 2114 Hinc
2659 2046 2796 2114 vei-6
2825 2069 2952 2113 non
2984 2044 3192 2112 modo
3210 2040 3359 2126 cepit

955 2145 1266 2222 declinare,
1297 2143 1402 2209 sed
1429 2149 1490 2207 et
1516 2140 1732 2221 labare,
1761 2148 1835 2206 nt
1863 2142 2135 2228 sequenti
2176 2163 2249 2204 us
2266 2137 2431 2205 libris
2450 2133 2765 2214 constabit,
2796 2143 2859 2199 et
2885 2133 3173 2198 maxima
3200 2133 3355 2216 parte

951 2235 1278 2317 praesente3
1323 2249 1443 2316 quo
1473 2229 1883 2294 contentiones
1912 2229 2227 2304 acerrimae,
2258 2225 2819 2309 cruentissimaequae
2846 2221 3233 2287 referuntur.

1981 2592 2161 2660 CAP.
2208 2592 2262 2657 I.

1133 2781 1604 2847 Quemadmodum
1629 2781 1904 2838 Catholici
1926 2781 2038 2836 sint
2060 2781 2266 2836 viribus
2291 2781 2564 2844 diminuti,
2589 2779 2906 2835 summatim
2934 2780 3177 2836 dicitur.

953 2933 1167 3000 Auem
1194 2935 1260 3000 in
1287 2957 1587 3000 summum
1617 2933 1933 2999 discrimen
1983 2931 2321 2998 amittendae
2350 2930 2605 2996 Iberniae
2634 2930 2893 3010 deducti,
2924 2953 3133 3018 neque
3160 2925 3339 3017 ignari

954 3043 1028 3086 ex
1059 3021 1355 3106 Hispania
1381 3023 1564 3087 fuisse
1593 3019 1915 3086 Catholicis
1943 3019 2231 3085 auxilium
2258 3019 2637 3097 mittendum,
2666 3018 2842 3084 variis
2872 3015 3337 3106 cogitationibus

955 3105 1385 3186 distrahuntur,
1404 3105 1907 3193 quemadmodum
1934 3104 2075 3170 huic
2104 3106 2259 3170 malo
2278 3113 2416 3170 eant
2432 3103 2664 3170 obviam
2688 3103 2717 3170 Ρ
2745 3104 3023 3191 Denique
3044 3109 3335 3178 statuunt,

952 3197 1025 3255 ut
1051 3198 1237 3257 totam
1262 3191 1563 3258 Iberniam
1591 3192 1668 3257 ad
1735 3214 1879 3256 uam
1906 3192 2222 3256 maximam
2241 3192 2492 3278 possint,
2516 3191 2874 3278 pauperiem,
2899 3199 2963 3257 et
2980 3215 3191 3258 rerum
3220 3191 3336 3256 ino-

994 3277 1114 3342 iam
1143 3277 1474 3343 deducant:
1520 3279 1682 3364 ipsos
1767 3277 1983 3343 bernos
2034 3277 2506 3364 quibuscumque
2534 3277 2975 3344 conditionibus
2996 3279 3119 3346 sibi
3151 3273 3336 3345 conci-

997 3370 1119 3444 ent,
1169 3364 1698 3430 reconsiliationem
1749 3362 2075 3429 abnuentes
2124 3363 2296 3444 dolis,
2327 3370 2385 3430 et
2436 3363 2664 3430 artibus
2711 3366 2963 3452 perdant
3011 3372 3072 3431 et
3104 3367 3255 3433 alios
3280 3361 3336 3424 in

955 3449 1099 3517 alios
1121 3452 1438 3530 concitent,
1470 3470 1616 3536 quas
1645 3451 1720 3517 ad
1749 3473 1843 3516 res
1872 3451 2110 3516 fortuna
2138 3457 2281 3516 sunt
2306 3451 2515 3517 adiuti.
2581 3451 2883 3538 Principio
2910 3475 3077 3519 aenea
3104 3454 3339 3519 moneta

753 3539 933 3608 [169.]
954 3560 1169 3604 excusa
1193 3539 1261 3603 in
1286 3537 1586 3604 Iberniam
1633 3538 1951 3622 mittum-,ss
1987 3557 2107 3623 qua
2134 3560 2309 3604 omne
2357 3537 2646 3604 Ibernum
2672 3560 2903 3619 aurum,
2934 3547 2995 3605 et
3024 3545 3333 3628 argentum

955 3626 1022 3690 in
1049 3625 1334 3712 Angliam
1363 3624 1777 3705 substrahitur,
1808 3626 2053 3712 ipsaque
2081 3623 2245 3690 brevi
2274 3647 2357 3691 cae
2399 3625 2449 3690 it
2464 3625 2688 3691 nullius
2716 3647 2843 3691 esse
2870 3627 3115 3712 pretiis*
3204 3623 3331 3694 Quo

953 3712 1227 3778 effectum
1256 3717 1365 3793 est,
1388 3720 1459 3778 ut
1487 3711 1691 3778 Iberni
1719 3713 1971 3799 pecunia
1998 3735 2104 3778 sua
2135 3712 2339 3778 defi-au
2380 3713 2481 3793 ati,
2514 3713 2635 3778 sint
2664 3713 2740 3778 ad
2754 3713 3059 3800 ingentem
3089 3728 3328 3801 pauper-

951 3805 1136 3866 tatem
1163 3800 1404 3866 redacti.
1494 3800 1737 3888 Segetes
1767 3820 2007 3886 quoque
2034 3799 2453 3880 scinduntus‚†
2482 3805 2543 3865 et
2571 3799 2685 3865 alia
2712 3799 2931 3866 damna
2955 3801 3309 3868 inferuntur·

1026 4030 1050 4057 ‘
1091 4030 1220 4092 Coc,
1283 4067 1298 4082 .
1321 4033 1447 4084 435.

1022 4099 1064 4170 †
1103 4047 1400 4164 Mori-’ism
1442 4101 1592 4154 Fom·
1631 4101 1889 4162 Masta-s,
1928 4101 2025 4156 διο.
2072 4102 2170 4154 &c.
2210 4102 2428 4172 passim.
2505 4110 2543 4138 ‘⁸
2560 4102 2765 4157 Postea
2804 4104 3067 4159 successit
3106 4099 3327 4160 vastatio

951 4171 1239 4242 regionum
1264 4171 1505 4225 omnium
1528 4172 1608 4225 ita
1629 4179 1692 4224 ut
1717 4171 1772 4224 in
1797 4171 2069 4254 plerisque
2095 4170 2373 4228 Hiberniae
2396 4172 2647 4244 partibus
2668 4174 2861 4230 liceret
2892 4175 3185 4246 aliquando
3209 4188 3327 4244 qus·

956 4241 1213 4314 draginta
1253 4241 1490 4296 miliaria
1529 4250 1849 4313 campestris
1904 4259 2006 4325 per
2110 4260 2223 4309 are,
2265 4242 2417 4298 nullo
2460 4243 2675 4299 homine
2718 4254 3027 4317 conspecto,
3069 4247 3327 4314 nullisque

955 4312 1278 4368 animalibus
1303 4321 1505 4396 praeter
1531 4313 1780 4367 volucres
1803 4312 1920 4367 caelx
1946 4259 2170 4367 etgar}
2196 4314 2392 4369 bestias
2418 4322 2596 4371 terre.
2668 4315 2817 4370 Hinc
2840 4325 2998 4372 tanta
3021 4317 3191 4372 fames
3214 4319 3329 4368 orta

955 4391 1040 4438 est
1076 4391 1142 4437 ut
1179 4383 1424 4439 homines
1466 4403 1524 4440 se
1559 4391 1754 4440 mutuo
1797 4383 2088 4455 aliquando
2131 4385 2485 4450 comederint,
2508 4386 2640 4440 licet
2678 4387 2738 4441 id
2777 4386 2927 4452 rard,
2963 4389 3062 4442 sed
3084 4385 3326 4443 carnibus

955 4455 1165 4526 equinis
1189 4456 1336 4509 vesci
1362 4465 1483 4510 erat
1519 4455 1692 4540 magis
1716 4464 2011 4510 assuetum.
2081 4454 2274 4512 Terrae
2314 4474 2425 4512 non
2460 4457 2799 4522 colebantur,
2835 4467 2893 4514 et
2914 4459 3132 4514 fructus
3154 4467 3325 4514 terre,

955 4525 1002 4578 si
1026 4525 1198 4596 quiin
1221 4526 1355 4580 locis
1379 4527 1512 4582 tutis
1536 4536 1640 4582 sati
1665 4534 1843 4590 erant,
1879 4543 1947 4580 ex
1971 4527 2251 4598 proposito
2295 4527 2754 4584 comburebantur
2788 4530 2858 4584 ab
2894 4529 3141 4586 inimicis.
3204 4527 3322 4597 Ego

955 4595 1071 4665 ipse
1095 4595 1207 4679 vidi
1248 4599 1548 4681 exercitum
1589 4598 1899 4670 Anglorum
1941 4606 2152 4670 segetes
2193 4598 2422 4654 falcibus
2462 4599 2783 4667 scindentes,
2804 4619 2987 4656 mense
3008 4601 3049 4656 J
3050 4601 3181 4663 ulio,
3205 4599 3322 4653 dum

956 4665 1262 4808 Ξῖἒὲιξᾶιῖ
1273 4685 1448 4793 εῐόιῧοαε
1471 4671 1858 4742 producerent,
1884 4676 1949 4723 ut
1988 4669 2091 4724 hoc
2134 4676 2523 4744 stratagemate
2544 4671 2749 4726 incolas
2771 4670 2915 4728 fame
2948 4665 3321 4744 perimerent-'⁹

1183 4772 1201 4799 2
1265 4776 1280 4791 o
1382 4779 1396 4792 ο
