3634 5842
424 778 562 825 car.
607 759 716 845 11.]
1031 778 1115 825 nn
1159 777 1360 827 13an
1405 771 1785 828 numm-{cnm
1830 770 2171 819 Ausonum
2696 750 2817 814 151

427 929 520 997 illi
548 938 766 1017 praesto
794 932 928 999 fuit.
1019 930 1382 998 O'Ruarkus
1429 929 1658 1017 pridem
1706 926 1992 995 Maurum
2043 926 2187 993 Mac
2234 926 2555 995 Suinnium
2604 946 2826 1010 eogno-

433 1017 596 1083 mine
636 1018 897 1085 Vaccam
953 1018 1272 1103 (Muracha
1318 1042 1400 1084 na
1449 1016 1688 1100 Mart)·³‘·
1738 1014 2028 1081 ducentos
2058 1012 2402 1081 Momonios
2430 1013 2827 1079 ductitantem

435 1105 746 1185 conduxit,
774 1105 1071 1193 pauloque
1097 1106 1298 1193 plures
1325 1104 1614 1171 obaeratos
1649 1103 1917 1169 armavit.
2004 1100 2221 1186 Neque
2250 1101 2573 1189 majoribus
2600 1097 2826 1164 viribus

440 1191 726 1292 pollebat,
777 1193 918 1261 cum
944 1194 1010 1259 in
1039 1193 1622 1263 Droumdhathiere†
1664 1210 1839 1291 ‘pago
1868 1187 2161 1289 abnhostis
2206 1190 2477 1287 equitatu
2485 1190 2515 1273 u
2562 1186 2829 1271 sclopera
2848 1185 3029 1253 [120.]

443 1280 1778 1452 ἱξᾞὶἓᾚῑᾚὲῗᾞξῑίῗέἰξζωὲᾱῗέἓῗ
1795 1276 2835 1446 Ῑῗὲἑῖιῖθνῖἰὲἓῖἓὲἷέῗῗέῗῗῄὲἶζ

445 1452 632 1539 copiis
661 1476 800 1519 cum
827 1454 1090 1521 hostium
1139 1452 1525 1520 multitudine
1569 1451 1842 1537 praelium
1890 1456 2241 1527 consereret,
2272 1472 2343 1514 ex
2374 1472 2445 1515 eo
2488 1471 2644 1536 pago
2673 1469 2833 1546 com-

445 1540 656 1623 positis
697 1540 1006 1607 ordinibus
1033 1542 1376 1627 procedenS,
1405 1540 1535 1626 ipse
1560 1537 1929 1623 tergiductor
1948 1558 2089 1601 suos
2116 1538 2453 1616 cohortans,
2484 1544 2546 1601 et
2571 1536 2837 1601 hostium

447 1628 740 1712 impetum
770 1629 1072 1693 sustinens
1100 1628 1445 1693 vulneratus
1472 1626 1754 1712 plumbea
1782 1623 2082 1711 glandine,
2112 1646 2246 1708 quae
2275 1645 2349 1689 ex
2377 1624 2611 1689 narium
2639 1619 2837 1687 radice

447 1734 554 1797 per
599 1712 924 1799 alluginem
967 1713 1299 1780 transverse
1343 1714 1523 1779 missa
1572 1712 1881 1777 sinistrum
1925 1711 2166 1776 oculum
2206 1710 2297 1776 illi
2348 1711 2587 1776 ademit.
2694 1707 2835 1778 Quo

449 1800 696 1865 vulnere
745 1802 1003 1887 graviter
1051 1800 1322 1881 afflictae,
1352 1801 1491 1867 cum
1521 1798 1847 1865 exercendo
1874 1799 2106 1862 muneri
2136 1798 2335 1863 minus
2363 1805 2539 1884 aptus
2565 1794 2835 1861 reddere-

451 1893 569 1966 tur,
599 1886 858 1971 reliquos
887 1889 1100 1973 ingens
1149 1887 1465 1974 trepidatio
1509 1886 1746 1965 invasit,
1793 1885 2147 1969 ordinesque
2188 1885 2441 1951 laxaturi
2482 1882 2839 1949 videbantur

449 1974 566 2038 nisi
609 1974 938 2039 avunculus
985 1998 1154 2041 meus
1197 1974 1554 2040 Bothericus
1598 1974 1740 2039 Mae
1767 1972 2058 2037 Suinnius
2086 1971 2423 2037 adolescens
2458 1970 2668 2056 (Rueri
2696 1968 2839 2032 Mac

452 2060 801 2126 Domhnaill
845 2062 964 2127 mic
1013 2062 1307 2145 Shuinne)
1361 2060 1564 2127 Mauri
1605 2060 1847 2147 patrui†
1895 2058 2234 2144 insignibus
2263 2067 2324 2124 et
2351 2059 2530 2124 armis
2572 2056 2838 2123 celeriter

453 2146 700 2213 indutus
726 2148 1068 2229 succedens,
1097 2149 1479 2235 trepidosque
1505 2149 1859 2214 confirmans
1886 2147 2131 2211 ultimos
2159 2147 2393 2211 ordines
2424 2145 2709 2209 duxisset.

541 2234 792 2300 Maurus
820 2235 1066 2301 vulnere
1094 2242 1357 2316 miratus,
1375 2258 1514 2301 cum
1540 2234 1765 2301 bellum
1791 2232 2302 2319 redintegraturus
2324 2232 2640 2310 videretur,
2671 2252 2841 2295 secus

453 2321 612 2387 fecit.
721 2321 1001 2408 Namque
1048 2323 1274 2388 lumine
1323 2323 1564 2388 sinistro
1615 2328 1844 2407 captus,
1894 2320 2085 2407 magis
2132 2320 2364 2406 capitur
2406 2326 2468 2385 et
2508 2318 2844 2385 obcaecatur

341 2414 352 2423 ‘
455 2410 648 2493 specie
695 2408 1144 2494 Gorumplathae
1195 2409 1504 2475 O'Ruarki
1552 2410 1749 2496 neptis
1778 2431 1851 2473 ex
1896 2407 2129 2479 Quinto
2176 2408 2377 2490 fratre,
2406 2429 2584 2491 quam
2611 2410 2838 2491 raptam

455 2504 632 2579 atque
661 2494 940 2560 violatam
967 2517 1205 2561 rursum
1235 2496 1501 2561 dimittit.
1589 2494 1986 2581 Turpitudine
2012 2494 2155 2559 facti
2184 2494 2541 2559 O'Ruarkus
2568 2492 2841 2577 indigna-

453 2588 555 2645 tus
605 2580 839 2645 sceleris
886 2581 1196 2647 authorem
1241 2604 1550 2667 nunquam
1577 2589 1786 2667 postea
1811 2581 1987 2646 venia
2028 2580 2309 2667 dignatus
2338 2588 2447 2645 est.
2535 2580 2595 2643 A
2624 2579 2843 2643 Mauro

455 2673 518 2730 et
575 2688 609 2730 a
667 2668 791 2745 suis
847 2668 1026 2732 etiarn
1083 2668 1356 2734 obaeratis
1413 2670 1670 2734 fortunae
1719 2666 2069 2733 cedentibus
2113 2666 2323 2732 eodem
2384 2688 2537 2753 pene
2580 2674 2845 2750 tempore

457 2751 818 2817 O'Ruarkus
848 2754 1114 2819 desertus
1142 2754 1218 2819 ad
1245 2755 1570 2820 Tuethium
1600 2754 1860 2854 pellitur,
1890 2776 1925 2818 a
1954 2775 2074 2838 quo
2104 2776 2229 2817 non
2257 2752 2434 2817 modo
2465 2753 2711 2817 comiter
2740 2750 2845 2815 sed

457 2840 610 2903 mira
637 2846 697 2903 et
725 2839 996 2905 inaudita
1021 2842 1462 2927 magnificentia
1489 2841 1801 2927 exclpitur.
1890 2840 2041 2925 Ejus
2058 2839 2301 2905 arbitrio
2328 2838 2619 2904 Tuethius
2645 2838 2844 2903 muni-

455 2926 612 3012 cipia
639 2949 764 3005 sua,
795 2934 1108 3012 totumque
1152 2928 1423 2993 Tuethiae
1471 2928 1869 3013 principatum
1917 2927 2177 3012 reliquit,
2219 2928 2285 2991 in
2324 2926 2496 2991 illum
2541 2926 2643 3011 jus
2670 2944 2846 2999 omne

455 3035 652 3078 rerum
682 3013 1282 3081 administrandarum
1331 3015 1710 3093 transferens,
1740 3020 1800 3078 et
1842 3014 1971 3100 ipse
2010 3020 2299 3099 tanquam
2325 3013 2639 3100 praefectus
2668 3011 2742 3077 ab
2774 3034 2843 3076 eo

457 3100 746 3166 militibus
776 3098 916 3165 belli
943 3124 1067 3167 rem
1115 3124 1346 3187 gerens.
1434 3100 1560 3167 Ubi
1608 3124 1744 3167 cum
1794 3102 2115 3187 accepisset
2160 3100 2310 3167 duos
2358 3100 2845 3165 familiarissimos

457 3208 596 3252 suos
626 3187 936 3253 O'Ruarki
977 3189 1152 3275 jussu
1193 3189 1376 3255 fuisse
1421 3188 1691 3277 patibulo
1733 3209 2069 3274 suspensos„
2101 3187 2179 3253 ob
2230 3211 2463 3253 causam
2508 3192 2678 3253 tanto
2708 3209 2847 3273 sup·

457 3273 636 3359 plicio
685 3273 930 3339 minime
977 3275 1222 3363 dignam
1266 3278 1470 3341 amicis
1519 3276 1642 3341 suis
1687 3274 2220 3361 expostulantibus,
2254 3274 2416 3361 qubd
2444 3281 2633 3340 totam
2678 3296 2848 3340 suam

460 3367 812 3445 potestatem
863 3360 1186 3429 O'Ruarko
1231 3363 1581 3449 permiserit,
1636 3368 1678 3398 “
1698 3362 1917 3434 sinite”
1966 3368 2005 3399 ‘⁸
2026 3363 2265 3448 inquit?
2309 3364 2531 3429 mirari.
2618 3362 2684 3426 Is
2713 3384 2847 3448 pro-

361 3466 366 3471 ’
458 3448 635 3527 fecte,
666 3449 772 3533 qui
800 3449 915 3513 scit
934 3449 1036 3535 jus
1063 3472 1348 3529 exercere,
1381 3450 1618 3537 dignior
1659 3456 1750 3515 est
1775 3450 2134 3537 principatu,
2178 3472 2357 3536 quam
2386 3472 2517 3537 ege,
2549 3449 2652 3534 qui
2680 3448 2849 3514 forsi-

459 3542 566 3600 tan
595 3535 843 3600 erimina
868 3536 1166 3623 impunita
1194 3536 1615 3602 dimitterem.”

546 3620 938 3687 O'Ruarkum
953 3622 1174 3688 finibus
1201 3623 1444 3710 pulsum
1463 3624 1662 3709 regius
1685 3623 1976 3689 exercitus
2005 3630 2263 3702 secutus„
2287 3645 2527 3689 omnem
2552 3621 2695 3687 belli
2724 3644 2848 3701 mo-

455 3706 574 3772 lem
589 3708 656 3773 in
671 3708 996 3773 Tuethimn
1010 3709 1207 3775 vertit.
1227 3710 1518 3796 Copiosus
1536 3716 1664 3774 erat
1679 3709 1971 3774 exercitus
1988 3708 2089 3773 ille
2106 3710 2463 3795 Anglorum,
2473 3709 2578 3775 sed
2595 3708 2851 3773 maxime

460 3793 835 3874 Ibernorum,
867 3796 970 3880 qui
987 3798 1209 3946 relginae
1227 3818 1352 3861 11011
1373 3795 1641 3881 obsequi,
1659 3795 1765 3861 ubi
1791 3796 2167 3946 regifinandi
2182 3802 2445 3881 potestas
2466 3818 2593 3861 esse
2621 3818 2745 3860 non
2763 3795 2850 3860 vi-

461 3880 710 3947 debatur
729 3881 976 3947 minime
997 3883 1046 3946 si
1089 3882 1429 3969 iintegrum
1453 3884 1763 3969 putabant.
1992 3881 2211 3946 uarkus
2234 3881 2705 3968 possessionibus
2728 3883 2851 3947 suis

460 3968 690 4033 amissis
720 3969 931 4033 anxius
961 3975 1021 4033 et
1043 3976 1303 4048 maestuS,
1333 3975 1403 4034 ut
1431 3969 1508 4034 ad
1536 3991 1634 4035 eas
1661 3968 2089 4055 recuperandas
2120 3969 2331 4035 Scotos
2360 3968 2558 4050 ducat,
2592 3970 2849 4035 Scotiam

457 4055 670 4139 petit,‡
689 4055 943 4120 Tuethio
960 4055 1152 4120 invito
1167 4061 1230 4120 et
1242 4052 1634 4143 inauspicatb.
1654 4055 1817 4121 Nam
1835 4079 1871 4120 a
1886 4052 1929 4119 J
1930 4054 2115 4121 acobo
2134 4056 2457 4123 Steeuardo
2478 4058 2695 4123 Scotiae
2713 4079 2850 4142 rege

530 4274 556 4299 ·
585 4270 978 4344 [O'Flaherty]
1018 4271 1128 4325 line
1159 4275 1208 4339 1,
1273 4313 1288 4327 .
1319 4274 1475 4338 1869,
1497 4270 1654 4326 Four
1697 4271 1957 4340 Musteus,
1982 4290 2055 4327 011
2092 4273 2159 4329 ht
2180 4282 2241 4329 to
2264 4275 2333 4329 be
2358 4277 2653 4333 cancelled.
2731 4278 2853 4334 The

459 4341 742 4415 Morough
765 4343 920 4397 there
945 4344 1216 4397 mentione
1279 4360 1388 4397 was
1413 4360 1446 4395 a
1471 4342 1600 4397 Mae
1640 4342 1877 4416 Swiney,
1901 4362 2043 4417 gran
2082 4346 2265 4401 -uncle
2290 4346 2355 4401 of
2382 4365 2485 4403 our
2508 4349 2728 4411 author,
2754 4358 2851 4404 not

461 4412 746 4485 Morough
770 4432 843 4468 na
867 4414 1024 4468 Mart
1051 4412 1409 4486 O'Flaherty.

531 4488 561 4552 †
601 4484 740 4538 This
776 4485 948 4539 battle
991 4484 1058 4540 of
1084 4485 1429 4539 Dromahere
1467 4502 1578 4538 was
1601 4484 1819 4557 „fought
1856 4484 1912 4539 in
1954 4486 2222 4559 January,
2250 4490 2405 4542 1585.
2486 4489 2607 4545 0111·
2650 4492 2853 4548 author

459 4573 688 4625 appears
737 4564 797 4611 to
841 4556 1118 4611 eonfonnd
1161 4557 1210 4610 it
1250 4557 1398 4641 with·
1431 4572 1581 4609 some
1627 4556 1800 4610 battle
1848 4556 2049 4628 fought
2088 4557 2143 4610 in
2188 4558 2283 4642 the
2318 4562 2601 4634 campaign
2638 4565 2855 4636 against
2890 4630 2897 4639 Ι

463 4620 1177 4753 8ὲ1ἒο1ᾙὲ918103ὲ1,ὲ5ἕ3;
1199 4628 1271 4753 ξέ
1260 4627 1472 4753 Χῖ111011
1498 4626 1568 4681 110
1590 4644 1702 4681 was
1743 4628 1993 4699 expelled
2018 4628 2162 4683 from
2188 4629 2273 4683 h1s
2296 4633 2581 4706 territory,
2606 4652 2661 4707 p.
2695 4640 2849 4691 1885.

533 4716 789 4837 1⁹'fhree
811 4734 900 4823 'of
941 4778 967 4824 t
1009 4788 1101 4824 ose
1143 4738 1396 4825 Munster
1421 4768 1762 4832 M‘Swinies,
1787 4786 1914 4824 sons
1940 4770 2007 4824 of
2038 4770 2231 4835 Owen,
2256 4772 2425 4827 killed
2448 4774 2504 4829 in
2530 4777 2623 4832 the
2647 4780 2857 4834 service

463 4837 529 4891 of
547 4838 786 4893 Donnell
815 4839 1142 4905 O’Donnell‚
1167 4842 1394 4897 brother
1419 4840 1486 4895 of
1499 4840 1628 4894 Red
1653 4839 1847 4914 Hugh,
1877 4842 2029 4897 Ad).
2064 4846 2217 4908 1590,
2254 4862 2308 4916 p.
2344 4848 2497 4901 1891.
