3634 5842
886 719 1011 780 300
1304 713 1719 779 o'sumvnu
1761 729 2078 776 mercam
2117 727 2504 788 cunonem,
2531 725 2682 774 rou.
2713 727 2802 772 rv.
3013 705 3174 789 [nm.
3217 726 3262 778 1,

3405 825 3434 858 ἱ

887 885 1221 966 crudeliter,
1278 883 1619 972 injusteque
1676 882 2073 952 damnand0.''
2162 881 2479 948 Per-sonuit
2533 885 2682 946 tunc
2721 881 2922 944 forum
2959 877 3266 964 undequa-

888 995 1003 1058 que
1047 973 1295 1038 aliorum
1342 973 1589 1056 gemitu,
1642 971 1890 1036 aliorum
1940 971 2083 1036 risu.
2173 974 2215 1004 “
2235 967 2430 1054 Age,''
2457 967 2656 1052 inquit
2677 966 2881 1053 judex,
2913 970 2956 1000 “
2976 966 3268 1051 episcope,

886 1065 993 1123 aut
1038 1061 1260 1124 crimen
1307 1059 1537 1137 diluito,
1587 1064 1691 1123 aut
1738 1079 1878 1122 reus
1927 1057 2082 1125 laesae
2131 1054 2454 1142 majestatis
2483 1053 2675 1120 esto.’'
2766 1058 2807 1089 “
2823 1051 3040 1132 Cum,'’
3070 1052 3270 1138 inquit

885 1145 1216 1222 CorneliuS,
1249 1150 1293 1180 “
1311 1146 1426 1210 fori
1454 1143 1738 1210 beneficio
1766 1144 1914 1208 mihi
1941 1143 2064 1210 frui
2092 1165 2214 1208 non
2243 1141 2619 1228 permittatis,
2649 1139 2809 1206 haud
2862 1138 3093 1218 dubito,
3125 1139 3274 1224 quin

884 1231 1088 1297 eadem
1116 1232 1396 1297 facilitate
1422 1232 1489 1296 in
1515 1229 1831 1317 principali
1859 1249 2095 1315 quoque
2141 1229 2466 1315 quaestione
2507 1227 2630 1291 vim
2656 1225 2909 1312 legibus,
2937 1225 3087 1291 mihi
3113 1226 3270 1312 inju-

884 1318 1034 1384 riam
1078 1318 1440 1397 intuleritis3
1500 1325 1719 1396 tamen,
1770 1317 1910 1402 quia
1960 1339 2072 1382 nec
2115 1317 2312 1382 forum
2358 1314 2700 1393 declinasse,
2730 1335 2840 1378 nec
2891 1321 3084 1378 tacere
3113 1311 3273 1397 apud

882 1427 992 1470 vos
1020 1405 1169 1470 mihi
1198 1403 1598 1470 emolumento
1624 1410 1733 1484 est,
1762 1403 1848 1468 im
1921 1403 1970 1468 ti
2016 1424 2113 1468 me
2143 1399 2300 1468 certe
2327 1423 2472 1480 non,
2507 1399 2670 1485 quod
2698 1399 2934 1486 Angliae
2961 1400 3118 1486 regis
3145 1419 3271 1464 ma·

879 1492 1154 1577 jestatem
1197 1491 1467 1570 laeserim,
1498 1490 1603 1557 sed
1632 1489 1793 1576 quod
1887 1489 2102 1555 'vinam
2147 1487 2472 1567 observem,
2501 1495 2680 1572 atque
2708 1493 2963 1553 vestram
2989 1486 3270 1572 iniquita—

882 1585 1027 1658 tem,
1075 1584 1136 1644 et
1181 1599 1374 1644 meam
1417 1578 1822 1644 innocentiam
1865 1577 2196 1662 significare
2242 1597 2368 1640 non
2413 1573 2795 1661 aggravabor.
2903 1572 3022 1642 Ad.
3055 1573 3272 1638 actoris

885 1665 1258 1745 calumniam,
1310 1664 1473 1750 quod
1522 1670 1808 1750 regnante
1857 1663 2207 1729 Elizabetha
2245 1661 2461 1727 fuerim
2487 1662 2552 1726 in
2579 1659 2831 1726 Uli-‚onia
2875 1664 3272 1727 commoratus

885 1775 920 1817 a
960 1752 1044 1817 ud
1090 1751 1429 1818 Gatholicos
1472 1751 1653 1816 fidem
1700 1750 1923 1816 Christi
1971 1751 2148 1816 armis
2193 1754 2428 1814 tuentes
2469 1748 2695 1814 inficias
2722 1769 2846 1812 non
2873 1769 2968 1812 eo.
3053 1745 3274 1832 Neque

883 1839 905 1903 i
949 1861 1018 1904 eo
1048 1846 1246 1906 tamen
1304 1839 1527 1904 crimen
1572 1836 1908 1904 admississe
1948 1837 2096 1902 mihi
2141 1835 2363 1916 videor,
2413 1857 2552 1900 cnm
2595 1833 2683 1899 ibi
2724 1857 2856 1899 mea
2883 1833 3142 1899 diaecesis
3169 1834 3271 1912 sit,

883 1927 1129 2013 ipseque
1184 1927 1298 1990 sim
1354 1925 1691 2005 adstrictus,
1748 1925 1814 1989 in
1873 1925 1944 1988 e&
1998 1922 2270 2002 residere,
2329 1943 2569 2009 gregem
2628 1920 2876 1986 Domini
2933 1942 3078 1986 meae
3131 1919 3275 1986 fidei

885 2014 1266 2078 commissum
1337 2033 1593 2100 pascere,
1667 2017 1729 2075 et
1798 2010 2104 2076 consulere
2189 2010 2518 2074 animarum
2587 2007 2766 2073 saluti
2795 2033 2810 2072 ε
2899 2007 2974 2072 de
3043 2006 3274 2072 bellicis

884 2098 1024 2164 verb
1053 2098 1334 2177 motibus»,
1365 2105 1426 2162 et
1476 2120 1773 2163 armorum
1824 2105 2110 2182 apparatu
2159 2096 2310 2161 nibil
2357 2095 2754 2181 cogitaverim.
2819 2093 3000 2166 Quod
3041 2094 3274 2158 etiamsi

882 2185 1171 2263 fecissem,
1230 2207 1392 2249 nunc
1450 2184 1599 2248 mibi
1672 2183 1902 2248 officere
1958 2206 2082 2248 non
2142 2181 2336 2261 debet,
2396 2203 2534 2247 cum
2605 2181 2650 2245 J
2650 2180 2870 2247 acobus
2943 2203 3048 2246 rex
3103 2179 3272 2246 Iber-

882 2271 1001 2336 niae
1030 2277 1090 2336 et
1118 2271 1355 2356 Angliae
1384 2276 1616 2356 sceptro
1664 2270 1923 2354 primum
1968 2270 2196 2355 potitus
2240 2277 2442 2336 reat-us
2469 2268 2536 2332 in
2563 2275 2958 2334 antecessores
2984 2266 3272 2332 admissos

830 2357 837 2368 ’
884 2356 1119 2423 Ibernis
1170 2356 1613 2435 condonaverit,
1661 2363 1722 2420 et
1766 2356 1999 2442 injuriae
2041 2357 2352 2442 praeteritae
2379 2355 2502 2420 sint
2528 2376 2770 2439 prorsus
2797 2354 3052 2433 abolitae,
3082 2361 3144 2419 et
3169 2376 3272 2420 ve-

889 2451 1043 2510 teres
1072 2444 1345 2509 amicitioe
1367 2442 1822 2508 reconciliatee.'’
1858 2448 1898 2477 “
1922 2443 2040 2508 Illa
2056 2448 2380 2508 erratorum
2397 2439 2817 2520 condonatio,”
2847 2441 3044 2527 inquit
3063 2441 3272 2528 judex,

886 2536 931 2567 “
950 2529 1060 2596 tibi
1088 2551 1215 2596 non
1243 2537 1441 2616 potest
1469 2530 1767 2615 opitulari,
1813 2529 1974 2615 quod
2015 2530 2082 2594 in
2103 2528 2332 2615 judicio
2360 2535 2572 2627 sponte
2598 2534 2661 2593 te
2687 2551 2811 2594 non
2839 2528 3078 2607 stiteris,
3108 2527 3273 2614 qubd

884 2623 1006 2683 tuae
1035 2641 1175 2704 erga
1201 2640 1401 2703 regem
1429 2617 1750 2696 fidelitatis,
1780 2626 1843 2682 et
1870 2617 2237 2707 principatus
2285 2638 2442 2701 regis
2491 2616 2558 2680 in
2598 2614 2843 2681 ecclesia
2869 2636 3112 2680 suorum
3138 2637 3272 2702 reg-

883 2727 1100 2770 norum
1150 2704 1554 2792 juramentum
1612 2727 1737 2769 non
1792 2702 2196 2788 praestiteris.”
2317 2708 2358 2738 “
2377 2701 2626 2781 Nulla,”
2685 2703 2884 2788 inquit
2939 2702 3273 2788 episcopus,

886 2799 929 2826 “
948 2792 1175 2858 ratione
1206 2793 1477 2878 oportuit
1496 2814 1593 2855 me
1621 2791 1817 2856 virum
1867 2789 2326 2856 ecclesiasticum
2352 2789 2420 2854 in
2446 2788 2710 2854 saeculari
2733 2788 2959 2873 judicio
2988 2787 3272 2868 exhiberi,

882 2899 1079 2965 neque
1108 2885 1307 2966 petere
1333 2877 1485 2944 illud
1512 2878 1701 2943 veniae
1729 2877 2172 2955 documentum,
2203 2899 2340 2941 cum
2368 2897 2446 2941 ne
2472 2875 2757 2941 laicorum
2779 2874 3017 2961 quidem
3047 2875 3278 2942 decima

882 2987 1021 3052 pars
1051 2965 1492 3052 comparaverit,
1524 2971 1631 3031 aut
1678 2963 1894 3029 habeat
1937 2963 2098 3031 illam
2144 2961 2503 3042 schedulam,
2551 2984 2689 3026 cum
2717 2961 2994 3028 omnibus
3023 2963 3277 3028 sufficiat

928 3051 1175 3117 eneralis
1224 3052 1669 3117 commissorum
1715 3051 2001 3130 remissie,
2053 3070 2188 3135 quae
2237 3049 2400 3136 regio
2457 3048 2848 3134 chirographo
2875 3049 3274 3135 consignata,

884 3075 1190 3222 divulgata
1218 3139 1281 3202 in
1310 3139 1517 3202 vestris
1546 3136 1948 3202 monumentis
1977 3137 2300 3222 perscripta
2341 3142 2737 3202 conservatur.
2827 3135 3277 3202 Sacramentum

884 3223 1024 3289 verb
1053 3224 1372 3302 fidelitatis,
1400 3231 1461 3288 et
1487 3224 1637 3309 regii
1664 3223 2044 3308 pontificatue
2069 3223 2330 3301 maximi,
2349 3221 2511 3308 quod
2525 3245 2632 3286 vos
2659 3222 2802 3287 estis
2829 3223 2988 3288 soliti
3017 3221 3276 3308 exigere,

884 3311 1049 3375 nefas
1078 3318 1169 3376 est
1196 3309 1502 3375 Catholico
1530 3308 1793 3376 reddere.
1885 3307 2177 3374 Imbecilli
2227 3309 2320 3374 vel
2348 3315 2515 3374 metu
2540 3309 2749 3387 territi,
2781 3309 2874 3374 vel
2901 3308 3094 3374 allecti
3165 3333 3278 3376 τω-

886 3398 1009 3462 mio
1054 3397 1473 3484 jusjurandum
1514 3397 1629 3462 hoc
1680 3396 1844 3462 dant.
1931 3395 2066 3481 Ego
2111 3403 2324 3462 neutro
2367 3395 2646 3474 deducor,
2675 3405 2747 3461 ut
2773 3402 3009 3460 tantum
3115 3463 3118 3465 Α
3157 3399 3278 3462 eris

890 3484 1219 3549 admittam.
1311 3483 1479 3554 Quin
1524 3482 1789 3548 obtestor
1819 3505 1914 3548 me
1941 3483 2053 3548 hac
2082 3485 2206 3550 una
2234 3482 2308 3548 de
2337 3485 2533 3562 causa,
2563 3482 2924 3568 perindeque
2951 3481 3278 3550 catholiam

889 3571 1210 3656 religionis,
1242 3578 1304 3636 et
1330 3571 1468 3636 fidei
1497 3569 1782 3637 damnari.
1873 3569 2254 3656 Quoquidem
2280 3570 2471 3655 majus
2500 3570 2781 3656 opinione
2797 3571 3074 3635 omnium
3103 3572 3278 3656 capio

689 3679 869 3747 [232]
892 3659 1090 3724 animo
1118 3657 1423 3745 guadium.
1436 3660 1462 3740 ΙΙ
1552 3658 1611 3723 A
1660 3659 1755 3723 'te.
1845 3657 1993 3724 Non
2019 3657 2208 3742 magis
2235 3679 2436 3722 meum
2463 3656 2814 3742 sanguinem
2839 3679 2948 3722 vos
2973 3680 3012 3722 a
3051 3658 3279 3742 petitia,

892 3767 1070 3831 quam
1098 3767 1211 3830 ego
1238 3745 1409 3810 illum
1437 3767 1546 3830 pro
1575 3744 1625 3810 C
1701 3745 1812 3810 'sto
1842 3743 2236 3828 Redemptor-e
2263 3743 2561 3809 effundere
2599 3751 2810 3828 expeto
2818 3743 2874 3809 .”
2938 3749 2979 3778 “
2997 3678 3277 3829 Eongess'

882 3832 1088 3918 judex,
1110 3833 1327 3918 inquit,
1362 3831 1625 3898 “falleris
1642 3853 1679 3896 o
1722 3832 1958 3910 inione3
1991 3830 2472 3916 supersedeamus
2501 3828 2992 3910 cavillationibus,
3023 3837 3084 3895 et
3112 3831 3281 3896 tricis

884 3920 1018 3986 istis
1047 3919 1187 3984 tuis.
1277 3918 1606 3984 Ostendam
1633 3920 1683 3983 ti
1723 3919 1763 3998 i,
1795 3940 1920 3983 non
1947 3917 2104 3996 fidei,
2127 3917 2232 3982 sed
2259 3917 2414 3984 laesae
2441 3917 2766 4002 majestatis
2807 3939 3044 3982 causam
3072 3923 3280 3983 tecum

886 4007 1004 4091 agi.
1094 4003 1417 4091 Optionem
1444 4003 1556 4071 tibi
1584 4005 1757 4084 facio,
1786 4006 1920 4070 mea
1948 4026 2024 4069 ne
2053 4005 2346 4070 sententia
2370 4003 2784 4070 incunctanter
2811 4025 2890 4089 op
2967 4012 3088 4068 tere
3116 4026 3278 4070 mor-

884 4099 1027 4171 tem,
1060 4116 1137 4158 an
1166 4091 1479 4158 duodecim
1522 4093 1784 4158 virorum
1824 4090 2049 4178 judicio
2099 4097 2260 4156 tuam
2311 4113 2546 4156 causam
2577 4089 2866 4156 decernen
2907 4113 3003 4155 am
3031 4091 3276 4177 permit-

884 4187 1009 4244 tere
1027 4179 1098 4244 ἓν*
1184 4179 1520 4265 Episcopus
1546 4179 1631 4257 id,
1664 4179 1826 4264 quod
1855 4184 1998 4256 erat,
2029 4185 2212 4256 ratus,
2256 4179 2320 4242 in
2367 4175 2663 4242 Sarfeeldo
2693 4198 2769 4242 ne
2797 4177 3112 4262 vestigium
3141 4178 3276 4263 qui-

888 4266 1024 4331 dem
1075 4266 1421 4344 clementiae,
1473 4273 1535 4330 et
1573 4265 1824 4351 justitioe
1873 4287 2017 4343 esse,
2049 4265 2086 4328 a
2116 4264 2425 4329 duodecim
2473 4263 2612 4329 verb
2655 4264 2815 4342 viris,
2847 4264 2898 4328 si
2926 4263 3174 4344 idoneis,
3215 4271 3276 4329 et

884 4354 1217 4439 exceptioni
1261 4375 1385 4418 non
1435 4350 1705 4418 obnoxiis
1756 4353 1848 4416 sui
1893 4352 2103 4437 capitis
2147 4349 2572 4416 animadversio
2620 4349 3005 4436 delegaretur,
3035 4373 3097 4415 se
3131 4373 3274 4421 ,non

886 4440 1070 4506 fuisse
1100 4439 1522 4518 damnandum,
1552 4439 1667 4505 hoc
1694 4439 1892 4524 elegit.
2592 4487 2596 4492 .

974 4527 1270 4593 Caeterum
1324 4525 1729 4592 Protestantes
1784 4527 2233 4604 constituerant,
2283 4532 2353 4589 ut
2407 4525 2686 4592 undecim
2743 4523 2928 4610 Angli
2987 4530 3048 4590 et
3105 4523 3274 4592 Scoti

889 4613 1252 4698 alienigenae,
1284 4613 1597 4699 incogniti,
1641 4620 1704 4679 et
1752 4613 1973 4680 infimae
2013 4612 2372 4678 conditionis
2400 4620 2606 4678 contra
2633 4633 2768 4678 suas
2799 4611 2976 4677 etiam
3003 4611 3165 4697 leges
3195 4613 3274 4679 de

888 4700 1162 4784 episcopo
1210 4701 1571 4765 sententiam
1607 4701 1848 4780 ferrent,
1892 4699 2114 4766 Iberno
2143 4721 2266 4764 uno
2295 4699 2370 4764 de
2397 4699 2474 4764 ad
2502 4697 2858 4784 explendum
2885 4720 3135 4764 numero
3164 4699 3269 4764 ad-

888 4785 1034 4852 dito.
1124 4785 1361 4860 Quibus
1388 4787 1603 4874 praesul
1632 4788 1900 4875 opponit,
1931 4786 2024 4854 vel
2065 4785 2400 4874 Anglorum
2443 4786 2576 4872 jure
2623 4784 2916 4852 sancitum
2955 4807 3100 4865 esse,
3134 4792 3204 4852 ut
3232 4785 3272 4854 ὲ
