3634 5842
398 795 537 842 car.
567 773 721 858 111.]
900 792 987 838 nn
1012 791 1315 844 uuaruoa
1340 791 1565 840 rimus
1590 771 2085 840 russeus-roias
2109 791 2396 838 rnucns.
2658 773 2780 836 285

398 947 541 1014 tatis
557 947 793 1014 tramite
812 951 1099 1025 avertant,
1121 951 1340 1032 urgent
1359 945 1435 1012 ad
1454 946 1605 1033 regii
1621 947 1991 1034 principatus
2006 945 2424 1033 jusjurandum
2443 966 2648 1011 omnes
2665 943 2790 1010 adi-

401 1041 632 1122 gentes.
720 1033 821 1098 Ad
868 1031 1031 1119 quod
1080 1033 1368 1098 sessiones
1410 1039 1475 1099 et
1521 1041 1871 1113 conventus,
1902 1055 2035 1120 quse
2063 1034 2334 1120 superius
2361 1032 2482 1099 late
2509 1030 2793 1120 explicui-

402 1143 561 1198 mus,
606 1126 853 1206 cogunt.
940 1119 1243 1185 Sessiones
1288 1143 1421 1207 quae
1471 1121 1772 1208 generales
1823 1121 2104 1187 dicuntur
2145 1121 2214 1186 in
2263 1120 2516 1206 singulis
2541 1118 2794 1185 urbibus

402 1207 815 1286 nobilioribus,
867 1212 928 1272 et
972 1205 1451 1293 populosioribus
1500 1207 1626 1288 bis5
1672 1231 1805 1294 quae
1861 1209 2188 1273 trimestres
2236 1214 2680 1295 nuncupantur,
2726 1206 2796 1271 'in

406 1295 661 1380 singulis
688 1293 983 1372 tribubus,
1015 1295 1119 1379 qui
1147 1293 1330 1380 vulgo
1374 1296 1693 1361 comitatus
1736 1301 2027 1378 vocantur
2079 1301 2286 1381 quater
2331 1295 2650 1380 quotannis
2691 1294 2796 1359 ha-

408 1380 647 1448 bentur.
734 1381 815 1446 In
840 1381 951 1447 hos
978 1387 1327 1460 conventus,
1345 1403 1570 1462 omnes,
1602 1382 1725 1467 qui,
1753 1379 1851 1447 vel
1872 1403 2148 1466 agrorum
2171 1382 2522 1468 paucissima
2542 1383 2790 1468 jugerall
2819 1397 3001 1465 [220.]

408 1467 736 1556 possident,
766 1467 859 1532 vel
887 1467 1084 1552 aliquo
1110 1468 1177 1532 in
1204 1491 1267 1533 re
1310 1467 1509 1533 ublica
1554 1490 1801 1535 munere
1840 1468 2198 1554 funguntur,
2243 1477 2584 1534 evocantur.
2673 1467 2799 1539 Qui

412 1563 579 1621 metu
602 1555 923 1642 juramenti
950 1554 1161 1633 territi,
1192 1577 1263 1619 ve
1329 1554 1820 1642 occupationibus
1861 1555 2136 1640 impediti
2165 1556 2405 1620 statutis
2432 1553 2800 1641 temporibus

414 1642 489 1708 ad
520 1643 759 1708 comitia
786 1664 911 1707 non
939 1642 1322 1720 conveniunt,
1371 1641 1666 1706 bonorum
1692 1640 2118 1728 publicatione,
2147 1642 2357 1728 capitis
2386 1641 2800 1721 diminutione,

413 1729 509 1794 vel
539 1729 654 1795 alia
676 1731 855 1815 poena
880 1726 1304 1806 crudelissima,
1323 1728 1643 1815 saepissime
1668 1734 1862 1794 morte
1887 1729 2252 1815 plectuntur.
2342 1727 2466 1800 Qm·
2494 1729 2808 1794 confluunt

410 1815 551 1896 illis,
598 1815 743 1880 dum
794 1821 1030 1900 tempus
1074 1814 1437 1880 sessionibus
1485 1815 1691 1895 fixum,
1722 1821 1784 1880 et
1812 1813 2115 1880 decretum
2156 1816 2466 1900 permittit,
2510 1816 2630 1881 hoc
2657 1813 2808 1902 regii

458 1903 606 1968 rinei
650 1909 784 1967 atus
811 1903 876 1966 in
904 1900 1152 1966 ecclesia
1180 1923 1423 1967 suorum
1451 1923 1773 1988 regnorum
1800 1902 2052 1987 impium
2075 1902 2494 1988 jusjurandum
2525 1903 2805 1967 defertur.

414 1926 607 2056 gathu
636 1989 707 2054 'ei
754 1988 996 2074 quidem
1042 1988 1276 2053 malunt
1316 1995 1569 2054 mortem
1612 1988 1830 2068 subire,
1861 2007 2041 2076 quam
2070 1997 2304 2054 tantum
2334 1989 2568 2055 sceleris
2595 1987 2809 2055 admit-

416 2083 561 2142 tere.
652 2073 1055 2148 Quamobrem
1104 2073 1475 2156 nobilissimi,
1526 2074 1952 2161 clarissimique
1999 2074 2113 2140 viri
2167 2077 2507 2162 municipiis
2555 2076 2697 2156 suis,
2749 2081 2814 2140 et

417 2162 807 2249 vectigalibus
835 2161 1224 2227 abdicantur:
1268 2161 1651 2248 magistratus
1678 2161 1887 2227 officiis
1915 2161 2208 2242 civilibus,
2239 2169 2299 2228 et
2323 2163 2579 2250 publicis
2621 2185 2810 2228 remo·

419 2257 652 2329 ventur,
678 2250 744 2314 in
774 2270 980 2315 eorum
1007 2247 1206 2314 locum
1235 2248 1582 2335 alienigenis
1610 2248 1849 2336 Anglis,
1879 2258 2057 2335 atque
2075 2249 2268 2315 Sectis
2287 2250 2579 2316 haereticis
2608 2257 2814 2315 contra

420 2338 591 2424 regni
690 2336 975 2421 rivilegia,
1026 2343 1089 2400 et
1146 2336 1641 2402 consuetudinem
1689 2335 1968 2402 suffectis.
2078 2335 2176 2402 De
2223 2337 2699 2424 religiosissimis,
2753 2345 2814 2402 et

422 2424 640 2490 maxim
726 2423 841 2508 piis
887 2421 1248 2502 hominibus,
1295 2423 1471 2507 quam
1525 2424 2013 2488 inhumanissime
2059 2423 2412 2489 decernitur.
2504 2423 2688 2490 Haud
2717 2447 2814 2489 ca-

466 2512 603 2576 iunt
632 2508 869 2594 publica
896 2508 1163 2594 patibula
1211 2509 1633 2574 condemnatos
1661 2509 1737 2575 ad
1764 2517 2038 2574 mortem.
2126 2510 2250 2574 Alii
2275 2511 2342 2575 in
2370 2510 2562 2577 obviis
2591 2511 2813 2577 arbori-

424 2533 543 2663 bus
572 2595 1058 2682 suspenduntur3
1090 2594 1189 2660 alii
1217 2615 1291 2659 ex
1317 2595 1626 2659 hortorum
1656 2595 1851 2680 pomis
1879 2595 2091 2682 laqueo
2120 2597 2588 2682 strangulantur,
2609 2597 2818 2662 Iberni

428 2691 672 2782 propter
698 2680 875 2746 fidem
905 2702 1139 2745 summo
1190 2680 1479 2766 supplicio
1522 2681 1900 2746 afficiuntur:
1945 2681 2136 2766 Angli
2162 2681 2242 2747 ob
2271 2683 2608 2762 homicidia,
2636 2684 2817 2762 furta,

428 2792 684 2855 rapmas,
730 2767 978 2832 violatas
1024 2767 1300 2852 virgines,
1352 2766 1575 2832 alienos
1600 2775 1764 2832 toros
1793 2768 2224 2833 contaminatos
2253 2791 2410 2869 saepe
2435 2768 2680 2835 minime
2707 2791 2819 2856 pu-

430 2857 703 2922 niuntur.
788 2853 889 2919 Ne
938 2875 1079 2918 vero
1127 2851 1418 2919 Catholici
1469 2855 1647 2919 eausa
1686 2853 1993 2941 religionis
2036 2853 2236 2940 puniri
2267 2876 2479 2921 ammae
2507 2856 2822 2922 amissione

431 2944 767 3021 videantur,
798 2941 863 3006 hi
888 2941 1054 3020 furti,
1104 2940 1195 3005 illi
1242 2940 1398 3005 laesae
1442 2940 1786 3025 majestatis,
1819 2941 1920 3006 alii
1947 2939 2064 3006 alio
2093 2941 2335 3006 crimine
2378 2943 2822 3022 insimulantur,

432 3039 496 3097 ct
522 3052 645 3096 uno
673 3036 826 3095 teste
856 3049 1250 3128 quocumque,
1282 3027 1457 3092 etiam
1488 3033 1790 3115 corrupto,
1819 3026 1916 3092 vel
1957 3028 2199 3093 inimico
2229 3027 2608 3095 damnantur.
2695 3029 2823 3095 Reo

432 3125 615 3184 testes
640 3118 708 3182 in
738 3137 905 3181 suam
937 3115 1339 3181 defensionem
1370 3113 1693 3200 producere
1735 3115 2148 3181 interdicitur:
2193 3123 2434 3203 tempus
2461 3116 2536 3182 ad
2566 3139 2826 3204 purgan-

436 3205 581 3272 dum
609 3205 834 3270 crimen
862 3206 1132 3288 negatur.
1221 3201 1440 3287 Neque
1460 3201 1617 3266 filius
1639 3223 1878 3268 causam
1896 3203 2099 3290 patris,
2120 3224 2297 3288 quem
2313 3205 2428 3268 seit
2447 3204 2828 3270 innocentem

434 3293 653 3358 summi
698 3289 933 3356 sceleris
980 3289 1170 3376 argui,
1222 3309 1405 3367 orare,
1435 3311 1546 3354 nec
1583 3287 1763 3354 alium
1792 3289 1882 3355 illi
1910 3297 2230 3375 patronum
2257 3290 2554 3371 adhibere,
2583 3293 2831 3378 impune

436 3385 655 3465 potest.
744 3376 867 3442 Hic
887 3375 1185 3462 judicium
1212 3374 1362 3440 illud
1394 3374 1708 3441 duodecim
1736 3377 2020 3456 virorum,
2051 3377 2212 3463 quod
2242 3379 2514 3465 superius
2543 3377 2830 3444 latissime

438 3464 882 3543 declaravimus,
914 3461 1207 3528 Catholici
1252 3459 1453 3528 subire
1502 3485 1633 3528 com
1678 3461 1978 3528 elluntur:
2026 3471 2088 3528 et
2116 3486 2194 3530 ne
2219 3464 2564 3545 liberentur,
2595 3465 2832 3530 Ibernis

438 3553 671 3640 rejectis
717 3549 922 3636 Angli,
974 3557 1037 3614 et
1082 3549 1246 3614 Scoti
1290 3548 1521 3635 judices
1562 3549 1639 3614 ad
1686 3548 1939 3628 ‘bentur,
1972 3572 2226 3635 quorum
2269 3550 2510 3617 arbitrio
2539 3573 2676 3616 reus
2704 3574 2831 3616 sese

440 3639 781 3727 permittere
806 3637 1037 3715 nolens,
1066 3658 1177 3722 pro
1205 3636 1471 3701 confesso
1501 3635 1742 3702 habitus
1784 3636 2120 3701 damnatur.
2209 3635 2391 3708 Quod
2420 3639 2473 3702 si
2501 3638 2830 3725 contingat,

440 3735 515 3792 ut
534 3725 767 3812 judices
794 3721 1130 3802 duodecim,
1159 3721 1255 3787 vel
1282 3743 1417 3810 pars
1444 3745 1650 3787 eorum
1678 3723 1802 3788 sint
1842 3721 2154 3802 Catholici,
2185 3721 2259 3788 ab
2300 3723 2537 3811 illisque
2565 3746 2702 3791 reus
2731 3723 2832 3791 ab·

444 3812 728 3890 solvatur,
778 3808 895 3896 ipsi
941 3807 1303 3894 gravissimis
1350 3809 1542 3893 poenis
1592 3809 1951 3875 afficiuntur.
2038 3809 2256 3896 Neque
2283 3811 2396 3876 hac
2425 3812 2664 3898 quidem
2695 3835 2835 3877 con-

443 3905 736 3965 ventuum
779 3896 1117 3982 frequentia
1157 3894 1636 3981 judiciorumque
1686 3895 2036 3961 crudelitate
2082 3896 2269 3982 Angli
2297 3898 2584 3979 contenti,
2613 3899 2838 3966 habent

444 3987 704 4062 lictores,
734 3983 1116 4070 apparitores,
1146 3987 1252 4048 aut
1278 3989 1639 4062 executores,
1671 3989 1735 4048 et
1760 3981 1910 4049 alios
1948 3983 2270 4064 ministros,
2303 4005 2454 4071 quos
2481 3987 2596 4072 ipsi
2623 3993 2840 4052 vocant

448 4070 812 4148 Marisoales,
842 4069 1113 4149 shirifl'es,
1140 4068 1622 4154 subshirifl'esque
1648 4091 1802 4156 pene
1856 4070 2220 4151 innumeros,
2251 4071 2397 4138 alios
2426 4073 2675 4158 equites,
2694 4073 2842 4140 alios

448 4160 702 4249 pedites,
732 4157 1004 4222 homines
1020 4178 1161 4221 sane
1176 4156 1589 4242 nequissimos,
1613 4164 1791 4242 atque
1810 4155 2288 4224 sceleratissimos
2309 4158 2383 4224 ab
2406 4159 2570 4225 omni
2599 4161 2838 4247 pietate,

452 4257 517 4315 et
540 4245 911 4314 humanitate
958 4241 1139 4329 longe
1181 4250 1469 4308 terrarum
1512 4241 1773 4310 dissitos.
1860 4243 1996 4310 Hos
2023 4242 2342 4325 destinant,
2371 4253 2444 4311 ut
2468 4269 2576 4333 per
2601 4248 2842 4334 oppida,

450 4357 659 4422 pagos,
688 4331 879 4410 villas,
908 4329 1085 4410 aedes,
1114 4329 1434 4410 conclavia,
1464 4337 1527 4394 et
1553 4351 1759 4396 omnes
1801 4331 2054 4417 angulos
2104 4339 2480 4398 excurrentes
2507 4333 2844 4401 Catholicos

454 4424 595 4488 vitoe
620 4420 907 4486 rationem
960 4416 1206 4482 reddere
1247 4415 1626 4503 compellant,
1651 4417 1721 4481 in
1748 4418 1989 4484 comitia
2031 4426 2269 4506 cogant,
2301 4419 2540 4485 mulctis
2567 4421 2848 4512 puniant,

458 4508 619 4575 falsis
646 4505 1060 4574 instrumentis
1088 4504 1411 4589 majestatis
1438 4503 1595 4569 loesae
1612 4525 1745 4570 reos
1766 4513 1968 4590 agant,
1985 4505 2288 4572 interdum
2304 4507 2514 4572 anima:
2533 4507 2846 4576 amissione

459 4601 800 4660 coerceant:
847 4614 1053 4658 eorum
1100 4589 1475 4657 haereditates
1521 4589 1803 4676 expilent,
1849 4588 2008 4656 bona
2057 4593 2493 4673 auctionentur‚
2545 4617 2727 4677 sacra,
2785 4604 2848 4662 et

463 4681 707 4765 profana
755 4681 1193 4746 commisceant.
1282 4677 1384 4742 Ita
1431 4675 2066 4743 christianissimorum
2085 4753 2097 4762 ,Α
2117 4681 2376 4744 virorum
2421 4681 2576 4748 aedes
2618 4683 2849 4770 ingenti

466 4787 725 4845 maerore,
776 4767 964 4845 luctu,
994 4773 1057 4832 et
1094 4764 1365 4852 squalore
1414 4785 1621 4830 mersae
1670 4771 1735 4829 to
1841 4770 1929 4850 nt,
1981 4761 2220 4831 nefaria:
2270 4767 2848 4838 sceleratissimorum

468 4852 734 4932 officina,
765 4852 1007 4938 gaudio,
1032 4853 1357 4938 laetitiaque
1384 4851 1671 4918 exultant.
1797 4860 1861 4918 ta
1887 4849 2032 4919 boni
2061 4857 2243 4920 tantae
2272 4855 2601 4941 tyrannidis
2631 4864 2850 4924 terrore
