3634 5842
444 681 579 726 car.
613 662 779 746 ιη]
959 683 1043 729 ns
1072 682 1368 734 oua-mon
1394 682 1615 730 rmms
1644 679 2132 728 rsnsncu‘rmms
2161 678 2442 726 runc-ns.
2703 661 2828 734 289

440 849 641 914 noque
668 827 909 894 laudum
934 833 1231 916 praeconio
1252 831 1647 916 dignissimos,
1671 828 1775 915 qui
1805 825 2141 894 maluerunt
2167 849 2276 914 pro
2295 828 2582 914 religione
2609 829 2829 896 Catho-

442 913 575 992 lica,
623 936 731 1001 pro
778 915 1032 1001 legibus,
1084 939 1191 1004 pro
1242 919 1434 1004 patria
1480 915 1813 1002 gloriosam,
1847 923 1908 980 et
1951 922 2212 980 sanctam
2249 921 2498 982 mortem
2529 923 2826 1004 oppetere,

486 1023 620 1065 uam
650 1002 713 1066 in
736 1001 849 1066 hoc
879 1003 1018 1084 situ,
1048 1005 1335 1089 squalore,
1366 1004 1555 1082 luctu,
1587 1002 1888 1080 dedecore,
1921 1002 1985 1066 in
2013 1001 2125 1066 hac
2167 1001 2468 1084 servitute,
2498 1003 2565 1069 in
2593 1005 2704 1069 hac
2732 1026 2828 1069 ee-

444 1109 478 1150 e
500 1087 636 1151 esiae
664 1088 992 1174 tyrannide,
1014 1091 1081 1156 in
1108 1091 1222 1157 hoe
1247 1089 1385 1168 Dei,
1405 1097 1860 1175 sanctorumque
1877 1094 2242 1173 contemptu,
2261 1089 2326 1152 in
2345 1088 2828 1157 hoc-cunctorum

443 1172 729 1240 scelerum
780 1175 921 1254 sa10,
969 1183 1030 1242 et
1072 1177 1137 1242 in
1186 1178 1297 1242 hac
1345 1177 1507 1242 lerna
1552 1176 1842 1242 malorum
1891 1175 2162 1240 omnium
2210 1177 2548 1261 turpissime
2589 1180 2825 1242 vivere!

442 1259 501 1324 Ο
529 1260 767 1341 inscios,
798 1262 1063 1343 stolidos,
1116 1271 1295 1351 atque
1338 1263 1761 1350 perditissimos
1812 1261 2085 1346 Anglieoe
2123 1261 2394 1328 factionis
2422 1264 2694 1344 Ibernos,
2723 1264 2828 1350 qui

442 1345 598 1412 hanc
626 1347 739 1414 sibi
768 1356 993 1434 pestem
1041 1351 1477 1436 impendentem
1528 1372 1653 1415 non
1702 1347 2120 1434 praeviderunt,
2173 1350 2276 1434 qui
2326 1351 2637 1436 populares
2665 1371 2824 1429 suos,

442 1433 601 1498 viros
650 1457 931 1515 summos,
984 1445 1163 1523 atque
1209 1438 1561 1503 clarissimos
1610 1436 1750 1501 fidei
1779 1435 2112 1500 defensores
2142 1457 2177 1498 o
2219 1436 2562 1521 pugnandO,
2625 1437 2827 1502 effece-

442 1526 607 1600 runt,
639 1527 709 1586 ut
738 1522 856 1588 huc
885 1524 1091 1603 ruinae,
1122 1524 1489 1602 calamitatis,
1519 1523 1906 1601 miseriarum,
1937 1522 2142 1606 patria,
2225 1523 2592 1609 atholicaque
2620 1523 2826 1609 religio

442 1607 525 1671 sit
553 1607 843 1675 deducta!
931 1610 1220 1676 Adestote
1268 1611 1415 1676 mihi
1457 1611 1557 1677 hic
1584 1607 2021 1694 Anglo-Iberni
2049 1607 2378 1675 sacerdotes
2407 1609 2678 1697 Anglicae
2705 1610 2834 1676 fac·

442 1693 642 1772 tionis,
697 1696 770 1761 de
813 1695 1089 1764 omnibus
1138 1720 1263 1766 non
1306 1698 1538 1784 loquor,
1586 1696 1691 1762 sed
1734 1694 1808 1760 de
1853 1693 2024 1760 vobis
2049 1695 2276 1780 paucis,
2307 1697 2412 1782 qui
2437 1718 2562 1761 rem
2591 1696 2828 1762 sinistre

443 1781 671 1865 egistis,
704 1783 943 1868 quando
973 1807 1148 1850 causa
1164 1785 1483 1851 Catholicae
1496 1781 1801 1870 religionis
1823 1778 2126 1868 agebatur.
2215 1781 2531 1853 Quomodo
2548 1805 2825 1869 praesens,

443 1873 568 1932 tam
595 1868 827 1953 ingene,
858 1876 920 1935 et
944 1870 1204 1936 immane
1233 1871 1423 1936 scelus
1450 1867 1832 1957 purgabitis?
1893 1867 2117 1933 Fuistis
2147 1890 2222 1934 ne
2251 1875 2398 1936 tunc
2426 1870 2623 1935 animo
2642 1868 2828 1936 unde-

484 1975 697 2039 uaque,
746 1962 809 2021 et
852 1956 1229 2044 integerrime
1277 1956 1635 2024 catholico?
1722 1955 2017 2042 Sapientis
2061 1953 2319 2036 lectoris,
2361 1964 2490 2024 esto
2510 1957 2824 2044 judicium.

498 2061 576 2126 go
606 2040 841 2126 quidem
872 2066 996 2109 non
1025 2065 1157 2108 sum
1186 2043 1397 2109 solitus
1423 2043 1577 2109 ullos
1605 2049 1749 2108 nota
1774 2041 2047 2110 inurere:
2091 2063 2202 2108 nec
2230 2049 2430 2109 tamen
2454 2043 2670 2130 dogma
2697 2044 2827 2108 ani-

441 2147 673 2192 marum
722 2129 919 2210 saluti,
970 2135 1033 2194 et
1080 2129 1217 2195 fidei
1263 2129 1700 2217 amplificationi
1750 2128 2166 2215 perniciosum,
2197 2135 2258 2194 et
2301 2130 2533 2200 exitiale
2581 2151 2827 2216 possum

441 2211 659 2279 habere
701 2223 918 2296 ratum,
966 2225 1259 2298 sanctum,
1305 2225 1364 2282 et
1411 2215 1825 2296 Catholicum;
1867 2214 1984 2282 hoc
2033 2220 2142 2296 est,
2186 2223 2258 2282 ut
2285 2240 2394 2303 pro
2421 2217 2733 2297 haereticis,
2764 2223 2826 2283 et

443 2306 650 2366 contra
697 2300 1031 2369 Catholieos
1076 2326 1237 2370 arma
1285 2305 1781 2372 circumferamus.
1868 2301 1970 2368 Ne
2020 2302 2246 2369 diutius
2295 2304 2394 2370 hic
2421 2305 2824 2374 immoremus.

443 2385 617 2452 Nihil
644 2387 743 2453 hic
771 2411 921 2474 opus
949 2389 1188 2456 fletibus
1214 2391 1453 2456 nostris.
1540 2389 1798 2476 Anglica
1811 2387 2165 2456 Ibernorum
2195 2390 2373 2455 factio
2394 2391 2824 2470 factiosissima,

444 2473 738 2624 quseblioc
782 2474 921 2627 Ξίὴίἰ
968 2479 1176 2627 Ραξίω
1224 2499 1367 2556 suae,
1416 2475 1807 2562 religionique
1849 2497 2028 2540 sacrae
2071 2475 2366 2542 excidium
2395 2478 2614 2556 attulit,
2645 2475 2823 2542 hodie

443 2581 575 2624 acer
615 2581 783 2626 issim
857 2584 899 2648 p
922 2584 1061 2647 angi
1090 2612 1109 2628 .

1090 2849 1237 2856 ——.-—.-
1289 2851 1303 2858 ς
1363 2853 1400 2856 -.
1440 2851 1458 2856 -
1563 2851 1597 2856 ,-
1632 2851 1672 2855 .--
1715 2849 1737 2854 ..
1809 2849 1828 2854 .-
1869 2846 2039 2853 —.-v---
2094 2845 2217 2855 *s

1414 3076 1593 3142 CAP.
1636 3075 1815 3142 XIV.

767 3305 1235 3370 Quemadmodum
1262 3303 1449 3359 Iber-ni
1473 3306 1830 3361 sustinuerint
1853 3307 1992 3361 hanc
2017 3307 2447 3378 persecutionem
2465 3316 2488 3362 ?

452 3499 613 3565 Hac
662 3497 737 3564 de
783 3496 1111 3584 tyrannidis
1160 3495 1401 3583 punctis
1445 3501 1701 3580 quatuor
1745 3494 2022 3560 diximus.
2108 3494 2295 3560 Nune
2345 3499 2464 3582 qua
2493 3499 2826 3564 constantia

448 3585 701 3673 praediti,
732 3582 949 3670 quibus
978 3581 1210 3648 auxiliis
1255 3581 1447 3668 adjuti
1491 3580 1696 3647 Iberni
1736 3587 1967 3646 tantam
2007 3583 2338 3667 tyrannidis
2363 3583 2586 3649 rabiem
2612 3585 2824 3666 ferant,

446 3681 519 3737 ut
545 3671 913 3737 Catholicam
938 3669 1115 3735 fidem
1142 3669 1207 3734 in
1234 3675 1403 3734 tanta
1429 3689 1625 3734 rerum
1649 3667 1993 3734 difficultate
2011 3669 2140 3733 sine
2155 3669 2456 3735 haereseon
2472 3673 2826 3758 contagione

447 3765 731 3836 sanctam,
778 3763 842 3822 et
926 3777 1093 3822 uram
1140 3756 1454 3834 retineant,
1505 3753 1765 3820 breviter
1811 3755 2296 3841 perstringamus,
2346 3757 2734 3838 sacerdotum,
2766 3767 2828 3824 et

449 3843 835 3922 saecularium,
917 3842 1323 3920 atholieorum,
1354 3849 1415 3906 et
1442 3841 1853 3906 haeretieorum
1894 3862 2085 3922 casus,
2114 3840 2459 3929 laboresque
2489 3845 2822 3912 referentes.
2849 3885 3028 3953 [su]

448 3930 751 4015 Principio
797 3929 1141 4013 Ibernicae,ss
1194 3927 1631 4012 Catholioeque
1674 3927 1862 4013 partis
1903 3949 2180 4012 sequaces
2210 3930 2556 3996 meritorum
2583 3953 2828 3998 suorum

449 4039 591 4103 erga
662 4017 890 4096 atriam,
920 4037 1162 4101 remque
1230 4012 1487 4081 uhlieam
1530 4013 1923 4080 Christianam
1964 4015 2323 4081 conscientia
2351 4017 2632 4102 gaudent,
2665 4019 2828 4104 quod

447 4104 567 4191 ipsi
640 4103 702 4168 ‘u
730 4103 1043 4181 effecerint,
1072 4125 1151 4168 ne
1242 4123 1320 4166 uc
1367 4122 1759 4167 aerumnarum
1808 4101 2052 4167 eeclesia
2094 4101 2318 4168 Christi
2343 4106 2374 4168 f
2375 4105 2525 4168 uerit
2553 4104 2826 4186 deducta,

447 4211 673 4278 perque
700 4213 765 4256 se
792 4212 917 4256 non
944 4190 1193 4269 steterit,
1224 4190 1541 4275 quominus
1570 4188 1747 4253 armis
1774 4187 1842 4253 in
1867 4186 2200 4254 libertatem
2228 4189 2643 4271 vindicaretur,
2666 4214 2830 4258 nunc

450 4279 631 4344 etiam
658 4277 723 4343 in
749 4277 889 4343 fidei
916 4275 1422 4342 conservationem
1448 4297 1685 4340 omnem
1727 4295 1964 4360 operam
1994 4283 2322 4361 ponentes:
2369 4277 2530 4363 quod
2573 4301 2650 4344 ue
2677 4301 2832 4344 sem-

448 4387 557 4450 per
602 4364 826 4431 Christi
874 4363 1071 4443 fidem,
1122 4369 1303 4449 atque
1351 4362 1601 4449 patriam
1645 4362 1947 4428 victricem
1991 4385 2120 4428 esse
2167 4364 2535 4446 voluerint,i
2577 4386 2694 4452 que
2720 4388 2832 4452 pro

452 4450 608 4517 virili
656 4451 1089 4530 contenderint,
1140 4471 1333 4514 unum
1378 4454 1468 4514 est
1515 4447 1637 4516 illis
1679 4449 1992 4534 proesentis
2038 4448 2258 4514 doloris
2297 4450 2582 4532 levamen,
2613 4460 2675 4519 et
2701 4455 2836 4520 mea

454 4536 693 4623 quidem
738 4539 1037 4604 sententia
1082 4555 1407 4624 magnum:
1450 4553 1707 4619 namque
1757 4535 2118 4600 conscientia
2163 4541 2340 4602 rectae
2389 4537 2730 4620 voluntatis,
2773 4547 2836 4618 et

452 4620 892 4692 benefactorum
936 4623 1263 4692 recordatio
1306 4628 1397 4687 est
1438 4620 1695 4686 maxims
1735 4620 2059 4688 consolatio
2087 4643 2282 4689 rerum
2309 4623 2838 4699 incommodarum.

456 4708 707 4794 Angliea
756 4711 1111 4782 Ibernorum
1160 4710 1359 4788 factio,
1414 4705 1575 4794 quod
1616 4707 1747 4793 ipsa
1774 4707 1912 4780 fidei
1940 4707 2296 4790 defensores,
2343 4719 2404 4781 et
2431 4711 2718 4780 libertatis
2747 4737 2838 4780 ss«,
