3634 5842
575 1583 1335 1680 EPISTOLA
1418 1589 2559 1684 DEDICATORIA.

1140 1829 1261 1836 -—-.-

814 1984 1170 2050 DOMINO
1213 1983 1626 2052 PHILIPPO
1671 1986 2151 2055 AUSTRIAOO
2195 1989 2311 2055 IV.

365 2219 834 2280 HISPANIARUM,
914 2219 1268 2281 INDIARuuj
1321 2221 1612 2267 amolum
1675 2221 2053 2282 REGNORUM,
2120 2223 2333 2274 ATQUE
2400 2221 2757 2268 numanum

555 2308 897 2368 mnenon,
943 2309 1096 2354 REGI
1143 2309 1497 2354 cA'rnoLlco
1540 2308 2043 2360 MONARCHAEQUE
2086 2310 2563 2356 POTEN'HSSIMO.

1493 2467 1956 2536 PHILIPPUS
2000 2469 2666 2538 O'SULLEVANUS.

357 2653 506 2721 Hoc
553 2675 756 2719 meum
802 2653 1214 2719 Ibernicarum
1262 2677 1462 2718 rerum
1504 2653 1925 2739 compendium
1990 2661 2133 2734 tuae,
2166 2655 2497 2722 Monarcha
2540 2659 2750 2740 poten-

350 2763 598 2841 tissime,
651 2759 975 2826 Catholicoe
1025 2761 1347 2847 majestatis
1395 2760 1651 2846 presidio
1708 2759 1914 2824 multis
1962 2761 2037 2825 de
2089 2763 2283 2827 causis
2348 2762 2538 2826 audeo
2590 2784 2751 2826 com-

349 2870 608 2934 mittere.
695 2867 888 2933 Taceo
917 2891 952 2932 a
981 2883 1096 2946 me,
1128 2867 1232 2952 qui
1261 2866 1586 2931 honorifico
1625 2866 1944 2953 stipendio,
1989 2890 2023 2932 a
2050 2875 2218 2954 patre
2239 2875 2348 2934 tuo
2390 2893 2529 2956 rege
2572 2869 2753 2956 longe

348 2971 902 3040 munificentissimo
976 2971 1233 3036 donatus
1281 2972 1348 3036 in
1397 2976 1504 3036 tua
1554 2971 1739 3036 classe
1789 2993 1953 3037 arma
2008 2971 2155 3052 fero,
2206 2973 2323 3039 hoc
2380 2973 2641 3039 officium
2685 2973 2753 3038 in

349 3081 532 3146 animi
561 3080 719 3166 grati
748 3079 1240 3165 significationem
1268 3077 1382 3144 tibi
1411 3079 1788 3163 potissimum
1820 3077 2041 3144 deberi.

435 3185 824 3271 supersedeo,
843 3191 906 3250 te
934 3185 1250 3271 suscipere,
1273 3185 1575 3271 tutarique
1603 3207 1843 3251 causam
1872 3186 1965 3250 tui
1986 3185 2193 3251 militis
2213 3192 2508 3272 oportere,
2538 3188 2751 3255 omitto

347 3301 470 3372 tua,
502 3293 711 3378 tuique
735 3294 940 3380 patris,
972 3300 1032 3358 et
1061 3293 1156 3358 avi
1184 3292 1639 3358 monarcharum
1680 3295 2075 3359 maximorum
2120 3295 2316 3383 ampla
2346 3303 2407 3362 et
2432 3297 2751 3383 magnifica

345 3401 630 3468 beneficia
652 3402 719 3466 in
749 3400 1084 3467 Ibernicam
1113 3406 1352 3486 gentem
1380 3399 1612 3466 collata.
1701 3399 1869 3466 Illud
1906 3424 2096 3467 unum
2118 3404 2337 3468 tacitus
2367 3405 2535 3470 nullo
2564 3405 2745 3470 modo

345 3506 640 3597 preteribo
661 3535 676 3573 :
705 3507 800 3573 Tu
820 3507 1143 3573 Christiani
1163 3508 1422 3573 nominis
1442 3507 1654 3572 tuendi
1673 3507 2078 3575 firmissimum
2097 3513 2619 3599 propugnaculum
2638 3537 2701 3580 es
2727 3540 2742 3580 ε

345 3611 622 3680 Imm
652 3637 762 3702 pro
783 3615 1120 3681 Christiana
1136 3616 1378 3702 pietate,
1393 3623 1887 3702 saerosanctaque
1914 3616 2031 3682 fide
2053 3619 2359 3698 servanda,
2382 3621 2746 3706 gravissimis

344 3721 748 3786 calamitatum
815 3721 1071 3788 cumulis
1139 3721 1432 3788 obruitur.
1543 3723 1640 3788 Tu
1696 3723 1906 3789 Divini
1955 3723 2155 3791 cultus
2206 3733 2385 3811 atque
2435 3727 2741 3813 religionis

339 3827 702 3914 Apostolicae
749 3826 1124 3914 splendorem
1168 3827 1390 3914 ubique
1440 3829 1713 3914 gentium
1741 3829 2117 3916 amplificare,
2172 3838 2233 3896 et
2277 3830 2477 3918 longe,
2508 3833 2743 3920 lateque

339 3958 686 4022 propagare,
733 3934 1138 4019 Ecclesiaeque
1179 3933 1468 4000 Bomanoe
1495 3935 1644 3999 fines
1671 3936 2030 4021 protendere
2059 3937 2330 4003 conaris:
2374 3959 2527 4004 ILLA
2574 3963 2731 4006 nun-

341 4061 519 4126 quam
549 4038 624 4104 ab
654 4061 724 4105 ea
751 4038 903 4125 lege,
936 4061 1114 4124 quam
1144 4037 1419 4103 Christus
1449 4037 1819 4124 Redemptor
1846 4045 2049 4106 noster
2092 4039 2254 4120 tulit,
2278 4041 2559 4127 Apostoli
2590 4045 2741 4110 sacri

337 4146 817 4232 promulgarunt,
863 4145 1238 4230 Romanique
1283 4143 1608 4210 Pontifices
1654 4144 1965 4210 colendam
2024 4147 2409 4234 proecipiunt,
2460 4148 2737 4214 descivit.

335 4251 431 4317 Tu
480 4259 760 4318 tartareae
807 4253 1053 4319 hoeraeis
1099 4252 1256 4338 pesti
1301 4273 1535 4338 semper
1565 4250 1803 4317 obviam
1832 4275 1935 4317 es:
1978 4251 2085 4318 illa
2124 4253 2370 4319 hoeresis
2412 4255 2612 4322 furore
2638 4279 2738 4324 ve·

335 4358 783 4424 hementissimo
810 4358 1182 4445 profligatur.
1242 4356 1337 4422 Tu
1380 4356 1703 4423 Catholicis
1733 4380 1796 4422 es
1826 4357 2222 4444 confugium:
2267 4357 2373 4424 illa
2400 4359 2475 4424 ad
2502 4366 2565 4426 te
2601 4366 2737 4427 tan-

334 4491 512 4554 quam
529 4467 607 4532 ad
635 4467 862 4554 asylum
885 4466 1179 4552 confugit.
1223 4465 1318 4530 Tu
1343 4487 1466 4551 pree
1483 4464 1716 4531 coeteris
1733 4463 1977 4550 regibus
2008 4471 2051 4500 “
2071 4465 2459 4532 Catholicus’'
2500 4469 2733 4556 optimo

333 4577 468 4663 jure
495 4573 860 4640 nominaris:
907 4593 1056 4638 1t.1.s
1084 4593 1280 4638 1mnn
1327 4591 1827 4636 semmoms
1872 4589 2205 4636 monumen
2233 4591 2543 4640 sanonum
2588 4596 2735 4642 rm·

335 4704 789 4752 mnsmormn
817 4682 1186 4748 Camomca
1214 4699 1506 4746 Pessum.

423 4791 566 4858 Huc
595 4789 822 4856 accedit
850 4789 1030 4854 animi
1061 4789 1149 4854 tui
1178 4789 1367 4874 pietas
1398 4785 1628 4865 eximia,
1661 4791 1720 4851 et
1766 4785 1958 4850 virtus
2002 4785 2237 4872 egregie
2288 4787 2593 4868 mirabilis,
2630 4790 2735 4874 qui

773 4881 806 4941 1
