3634 5842
964 749 1090 811 336
1350 747 1765 813 o’sunnsvsm
1810 765 2126 812 msa-om
2171 765 2559 844 cunonem,
2584 767 2738 814 Tou.
2816 768 2906 813 ιν.
3049 749 3212 832 [us.
3241 769 3343 814 111.
3425 765 3440 782 ·

1935 1074 2118 1140 CAP.
2163 1073 2281 1140 lv.

1604 1299 1844 1366 O’Nelli,
1871 1301 2222 1359 O’Sullevani
2247 1311 2308 1359 et
2329 1303 2565 1359 aliorum
2587 1321 2754 1359 mors.

956 1501 1118 1577 Qum
1146 1501 1485 1601 persecutio·
1524 1525 1595 1568 eo
1634 1499 1883 1568 liberius
1928 1511 2234 1570 exercetur
2269 1502 2431 1590 quod
2459 1501 2776 1582 O’Nellus,
2805 1502 3041 1570 Tironae
3067 1505 3340 1592 princeps

951 1593 1018 1744 {ln
1048 1613 1169 1676 quo
1198 1589 1489 1741 Catpglligi
1506 1612 1793 1741 ἔρῳ-ειη
1821 1613 2008 1689 ‘spem
2055 1592 2312 1742 posita?
2331 1589 2902 1744 lhiakebaAnltnRomae
2940 1590 3097 1743 digm
3125 1592 3337 1744 obieri}

996 1702 1065 1744 oc
1095 1701 1250 1743 anno
1548 1699 1603 1741 le
1647 1697 1938 1763 vlgeslmo
1983 1699 2203 1744 mensis
2295 1700 2330 1743 u
2693 1699 2730 1742 o
2777 1698 3000 1765 sequen
3046 1729 3068 1760 ,
3101 1702 3208 1765 qm
3247 1703 3284 1744 v

1020 1904 1045 1930 ¹⁸
1084 1901 1211 1956 Our
1256 1901 1474 1964 author,
1512 1901 1558 1955 it
1597 1919 1630 1955 a
1666 1919 1843 1973 pears,
1875 1901 1990 1956 had
2031 1907 2133 1955 not
2165 1901 2342 1956 heard
2381 1900 2449 1955 of
2486 1863 2597 1955 the
2623 1901 3004 1956 assassination
3049 1901 3120 1956 of
3159 1899 3332 1976 Hugh

952 1972 1200 2028 O’Neil's
1222 1991 1321 2027 son
1344 1980 1404 2028 at
1428 1919 1703 2028 Brussefs.
1776 1973 1842 2030 M
1845 1991 2019 2044 ooney
2041 1973 2193 2044 gives
2217 1972 2311 2026 the
2335 1972 2618 2045 following
2641 1980 2876 2027 account
2897 1973 2967 2026 of
2981 1973 3027 2027 it
3045 1995 3136 2026 :—

1019 2053 1057 2080 “
1078 2044 1244 2107 Quod
1264 2045 1447 2098 relatu
1471 2044 1868 2115 deplorandum
1891 2051 1994 2105 est,
2018 2051 2076 2097 et
2096 2043 2246 2114 quod
2285 2042 2390 2098 hoc
2413 2043 2605 2098 eodem
2618 2061 2760 2097 anno
2775 2045 2972 2114 (1617)
3001 2047 3066 2098 16
3090 2045 3330 2117 Augusti

946 2117 1097 2169 circa
1136 2116 1329 2170 horam
1372 2121 1579 2170 sextam
1622 2133 1655 2169 a
1692 2114 1920 2168 meridie
1963 2115 2241 2168 Bruxelloe
2265 2113 2483 2180 accidit,
2523 2113 2614 2168 hic
2647 2131 2758 2168 non
2795 2115 3176 2170 omittendum.
3253 2116 3324 2170 D.

947 2185 1268 2240 Bet-nardus
1295 2185 1533 2248 O’Neill,
1556 2185 1906 2239 illustrissimi
1945 2183 2203 2257 Tyroniae
2240 2185 2453 2240 comitis
2489 2183 2746 2256 Hugonis
2789 2185 3030 2249 O'Neill,
3072 2203 3180 2240 non
3215 2195 3328 2242 tam

944 2263 1155 2310 nature
1176 2256 1613 2327 participatione,
1638 2273 1801 2326 quam
1835 2255 2107 2309 virtutum
2145 2262 2498 2326 paternarum
2520 2257 3012 2311 communicatione
3035 2266 3091 2311 et
3113 2260 3328 2313 amulas

943 2327 1093 2382 tione
1117 2343 1413 2398 generosus
1454 2327 1653 2381 filiolus
1695 2327 2002 2398 principum
2027 2325 2248 2382 Alberti
2271 2332 2329 2380 et
2354 2325 2599 2382 Isabellae
2623 2328 2880 2382 mandato
2903 2328 2962 2382 in
2985 2329 3115 2384 aula
3137 2330 3330 2402 agebat

946 2401 1037 2466 (ut
1060 2406 1257 2452 vocant
1311 2397 1701 2468 Hispaniarum
1724 2398 1947 2452 infantie
1969 2396 2254 2452 archiduci
2277 2398 2592 2452 inserviens.
2666 2399 2725 2452 N
2727 2400 2947 2453 ovennis
2971 2407 3186 2454 tantum
3209 2410 3326 2456 erat

944 2487 1070 2523 cum
1092 2469 1163 2523 ad
1185 2487 1220 2522 a
1276 2487 1320 2523 ae
1344 2469 1729 2523 commercium
1745 2477 2055 2532 vocaretur,
2081 2475 2243 2522 antea
2263 2485 2363 2540 per
2379 2468 2608 2524 Fratres
2621 2479 2838 2524 nostros
2853 2469 3084 2524 Lovanii
3107 2472 3174 2525 ab
3198 2473 3326 2544 ipsis

940 2539 1282 2594 incunabulis
1324 2539 1379 2594 in
1420 2540 1663 2594 omnium
1708 2541 1979 2594 virtutum
2021 2539 2156 2593 flore
2195 2557 2307 2593 non
2345 2547 2459 2594 tam
2493 2539 2795 2594 instructus
2830 2559 2992 2612 quam
3016 2544 3322 2611 enutritusg

943 2627 1111 2682 quare
1153 2628 1279 2665 cum
1303 2611 1375 2666 ad
1395 2611 1577 2665 aulam
1616 2611 1869 2673 venisset,
1910 2610 2113 2665 rosella
2153 2629 2219 2664 ex
2262 2609 2592 2680 optimarum
2633 2611 2899 2666 virtutum
2937 2614 3324 2684 compactione,

942 2683 1182 2736 animula
1202 2681 1319 2752 ejus
1341 2682 1627 2736 benedicta
1646 2681 1952 2738 habebatur
1993 2689 2050 2736 et
2087 2682 2434 2744 laudabatur,
2471 2683 2570 2735 sed
2603 2687 2702 2736 'nec
2742 2683 2880 2737 aulae
2917 2683 3126 2738 deliciis
3151 2685 3324 2740 fracta

942 2761 1083 2816 erat,
1106 2770 1207 2808 nec
1231 2753 1570 2825 indulgentia
1606 2754 1790 2808 soluta
1829 2754 2044 2808 diverso
2086 2753 2319 2808 ducente
2353 2752 2534 2825 genio,
2556 2753 2628 2807 ad
2649 2754 2708 2807 id
2732 2762 2883 2808 totus
2923 2755 3210 2824 excitatus,
3235 2774 3323 2810 ex-

942 2825 1306 2896 perimentum
1343 2825 1543 2879 litteris
1580 2832 1637 2878 et
1673 2825 1839 2879 armis
1877 2823 2102 2891 faceret,
2139 2824 2268 2895 quid
2307 2841 2577 2878 summum
2619 2823 2671 2878 in
2708 2826 2873 2880 rebus
2896 2825 3144 2880 humanis
3169 2837 3323 2896 esset,

944 2896 1091 2966 quod
1113 2904 1171 2950 et
1191 2895 1427 2950 feliciter
1466 2896 1701 2959 fecisset,
1742 2896 1787 2950 si
1828 2895 1950 2951 Deo
1989 2895 2306 2968 prolongari
2349 2894 2464 2949 dies
2496 2894 2778 2967 placitum.
2851 2896 2944 2950 En
2969 2905 3227 2968 quartum
3267 2899 3321 2952 in

944 2967 1071 3021 aula
1092 2985 1294 3020 annum
1317 2967 1515 3040 agebat
1537 2974 1595 3020 et
1612 2967 1799 3021 laxare
1824 2967 2098 3020 flammam
2120 2966 2326 3039 ingenii
2365 2966 2530 3038 cepit,
2555 2982 2754 3039 corpus
2777 2973 2842 3020 ut
2863 2975 2994 3022 aetas
3019 2967 3149 3022 tulit
3171 2987 3322 3023 exer-

944 3055 1087 3099 cere,
1116 3038 1323 3092 discere
1346 3057 1380 3092 a
1404 3037 1613 3109 peritis,
1648 3038 1800 3109 sequi
1839 3038 2091 3110 optimos,
2115 3055 2180 3092 ac
2205 3038 2577 3109 potentiorum
2597 3037 2864 3094 amicitias
2886 3039 3070 3093 studio
3093 3047 3150 3094 et
3173 3040 3322 3094 obse-

944 3110 1072 3180 quio
1096 3108 1365 3180 pellicere.
1438 3107 1695 3164 Habebat
1734 3109 1877 3163 enim
1915 3109 2096 3163 nescio
2137 3126 2300 3180 quam
2333 3109 2392 3162 in
2416 3107 2577 3163 vultu
2599 3109 2811 3163 civilem
2834 3108 3244 3174 blanditionem,
3267 3120 3322 3165 et

942 3179 1269 3251 gravitatem
1294 3179 1348 3233 in
1373 3179 1618 3234 moribus
1642 3180 1917 3234 heroicam
1940 3187 1998 3234 et
2021 3179 2234 3234 virilem
2271 3180 2636 3246 severitatem,
2661 3180 2718 3234 in
2757 3181 2936 3235 animo
2961 3181 3240 3246 virtutem,
3263 3182 3316 3236 in

943 3250 1193 3303 omnibus
1228 3249 1519 3314 fervorem,
1545 3258 1603 3304 et
1636 3267 1803 3322 supra
1837 3258 2053 3305 aetatem
2075 3251 2288 3305 omnia:
2316 3251 2510 3323 quibus
2531 3250 2803 3305 virtutum
2825 3253 3174 3306 incrementis
3197 3271 3318 3307 cum

942 3339 999 3374 se
1024 3328 1376 3391 paternorum
1399 3321 1705 3376 facinorum
1734 3322 2012 3376 -haeredem
2053 3322 2301 3377 futurum
2327 3323 2832 3406 prognosticaretur
2867 3324 3014 3394 apud
3035 3341 3148 3378 sune
3171 3324 3320 3378 nobi-

939 3392 1153 3446 lissime
1172 3392 1389 3447 familia
1409 3391 1656 3447 inimicos
1674 3393 1940 3463 majorem
1957 3392 2214 3447 invidiam
2234 3401 2290 3447 et
2306 3393 2644 3448 inimicitiam
2658 3394 2998 3466 provocavit.
3074 3394 3166 3450 Ita
3177 3396 3316 3449 enim

941 3481 1053 3517 sem
1092 3481 1153 3517 er
1191 3464 1421 3535 legimus
1441 3484 1459 3532 3
1497 3481 1611 3518 sem
1648 3481 1708 3518 er
1746 3464 2008 3518 videmus.
2083 3463 2275 3520 Omnis
2313 3465 2431 3518 vita
2469 3471 2525 3518 et
2565 3465 2770 3519 virtute
2810 3483 3094 3537 emergens
3135 3467 3317 3521 odium

942 3552 1050 3661 33:2²
1110 3534 1799 3661 ”atizszffi‘ff‘sszfvsi'ss‘ia
1837 3535 3318 3677 ,23¹¹:{{m⁰{33255„23²”2{1⁸352522„3¹ffi¹23¹2203335

936 3677 1197 3731 invadere
1216 3677 1335 3746 (ubi
1358 3678 1535 3750 prima
1554 3677 1749 3732 melior
1762 3678 2171 3748 opportunitus)
2185 3679 2363 3749 parati
2383 3680 2472 3747 (ut
2486 3685 2666 3732 tamen
2685 3678 2886 3733 amicos
2903 3697 2960 3733 se
2975 3678 3317 3745 simulantes)

938 3747 1298 3803 habebantur.
1374 3749 1488 3803 Sed
1511 3749 1641 3820 quia
1658 3748 1758 3802 tali
1780 3749 1943 3820 plano
1965 3750 2128 3804 modo
2169 3749 2509 3803 invasoribus
2548 3757 2738 3820 patens
2845 3749 3082 3804 riculum
3105 3749 3233 3814 fuit,
3255 3763 3318 3804 ut

940 3819 1163 3874 liberius
1176 3820 1317 3874 male
1326 3820 1779 3893 agerent,insidiis
1799 3820 2224 3903 generosissimae
2237 3819 2436 3874 indolis
2445 3819 2700 3889 juvenem
2789 3822 2898 3874 orti
2913 3827 3056 3876 sunt.
3088 3821 3173 3876 Et
3189 3823 3314 3876 dum

941 3891 1088 3946 domi
1111 3909 1221 3946 suae
1246 3891 1333 3946 die
1356 3899 1413 3945 et
1435 3891 1573 3946 hora
1594 3890 1939 3961 supradictis,
1979 3891 2230 3945 incautus
2269 3897 2328 3944 et
2368 3891 2570 3945 malum
2609 3893 2849 3946 nesciens
2886 3893 3316 3977 perambulabat,

937 3963 1221 4034 pedagogo
1245 3970 1301 4016 et
1324 3963 1538 4016 asseclis
1561 3961 1892 4024 absentibus,
1914 3963 2094 4016 nescio
2120 3963 2239 4032 quis
2262 3961 2457 4025 Judas,
2481 3969 2537 4016 et
2559 3963 2792 4034 pessimu
2815 3981 2994 4034 primo
3017 3964 3317 4018 sceleratis-

935 4033 1103 4088 simus
1144 4033 1417 4088 homicida
1453 4051 1578 4088 eum
1619 4033 1890 4095 adoritur,
1930 4041 1988 4086 et
2029 4035 2120 4102 (ut
2160 4034 2500 4088 communior
2541 4033 2780 4088 omnium
2815 4035 2908 4104 qui
2933 4036 3317 4090 examinarunt

931 4105 1143 4176 opinio)
1180 4112 1379 4176 guttur
1422 4106 1482 4174 (o
1516 4104 1693 4158 scelus
1734 4103 1882 4157 omni
1919 4120 2035 4159 aevo
2077 4104 2456 4158 detestandum
2491 4111 2549 4158 et
2569 4104 2902 4174 inauditum)
2927 4106 3314 4179 sacrilegarum

933 4193 1193 4231 manuum
1262 4175 1523 4230 violentis.
1590 4175 1850 4230 collidens
1921 4183 1980 4229 et
2045 4175 2426 4248 constringens
2495 4175 2726 4230 suffocat
2751 4197 2764 4230 z
2838 4176 2966 4231 dein
3035 4179 3316 4250 suspendit

935 4247 1203 4302 chordula
1247 4264 1411 4318 super
1458 4254 1665 4301 terram
1706 4253 1763 4300 et
1794 4246 1870 4300 ad
1910 4245 2149 4318 quinque
2197 4247 2280 4301 vel
2321 4265 2410 4300 am
2445 4246 2556 4302 lius
2603 4248 2767 4318 pedes
2809 4255 3083 4320 protensa.
3133 4250 3314 4304 Adve-

932 4321 1091 4373 niunt
1114 4338 1183 4372 ex
1205 4317 1421 4372 famulis
1444 4317 1615 4390 aliqui
1639 4315 1863 4386 (Gallus
1897 4335 2038 4370 unus
2061 4324 2200 4380 erat,
2225 4317 2364 4371 alius
2449 4318 2668 4372 ibernus
2692 4326 2921 4391 uterque
2945 4320 3236 4392 puerulus)
3261 4329 3316 4374 et

930 4389 1126 4444 herum
1150 4407 1466 4461 suspensum
1482 4389 1563 4444 ita
1583 4389 1856 4442 intuentes
1876 4388 1934 4441 in
1958 4387 2222 4442 clamores
2245 4396 2302 4443 et
2321 4389 2590 4461 lacrymas
2624 4389 2930 4455 solvuntur,
2950 4392 3096 4446 unde
3119 4391 3317 4446 vicinia

932 4462 1231 4524 concurrit,
1254 4468 1312 4514 et
1334 4477 1532 4532 magna
1552 4460 1851 4514 amicorum
1893 4475 2102 4526 manus,
2140 4477 2259 4514 rem
2301 4467 2474 4515 totam
2501 4459 2687 4516 vident
2710 4468 2765 4514 et
2788 4461 2945 4515 anxie
2969 4461 3192 4526 deflent,
3215 4463 3316 4516 ini·

929 4533 1089 4588 micis
1114 4532 1365 4586 dentibus
1388 4533 1446 4585 in
1468 4538 1902 4603 perpetratorem
1927 4530 2112 4584 delicti
2142 4531 2394 4602 ignotum
2433 4531 2744 4586 stridentes.
2817 4531 2942 4587 sue
2967 4533 3316 4588 celsitudines

932 4621 1056 4658 cum
1080 4621 1178 4676 per
1201 4603 1541 4675 designatum
1555 4621 1671 4657 rem
1690 4600 2042 4670 audivissent,
2053 4602 2254 4656 mirum
2272 4621 2384 4674 qua
2399 4603 2563 4656 animi
2581 4603 3017 4658 consternatione
3041 4612 3100 4658 et
3123 4605 3316 4660 dolore

930 4691 1083 4728 mero
1124 4692 1181 4728 se
1220 4693 1285 4729 ex
1328 4673 1467 4729 aulae
1506 4692 1614 4730 suae
1656 4674 1793 4727 rosis
1854 4690 2018 4726 unam
2076 4673 2316 4728 amisisse
2353 4674 2634 4745 conquesti
2673 4683 2818 4727 sunt.
2913 4673 3160 4730 Mortem
3203 4685 3316 4730 tam

930 4746 1160 4810 tristem,
1182 4753 1295 4800 tam
1319 4744 1543 4818 insignis
1566 4745 1751 4810 aulici,
1773 4744 1908 4798 totis
1930 4743 2038 4797 illis
2056 4744 2244 4806 diebus
2263 4745 2535 4798 communi
2551 4745 2738 4799 dolore
2762 4751 2819 4800 et
2843 4747 3314 4802 commiseratione

929 4816 1017 4887 pie
1040 4824 1096 4869 et
1118 4816 1410 4870 affectuose
1433 4815 1559 4870 aula
1580 4817 1753 4870 omnis
1790 4816 1949 4879 luxit,
1973 4833 2028 4886 p.
2063 4817 2218 4870 102⁹·
