3634 5842
395 740 531 785 oar.
579 720 674 803 x.]
1054 739 1138 783 ns
1183 738 1384 785 sunm
1430 736 1794 789 Qumnscffl
1839 738 2175 785 Ausonum.
2660 723 2787 787 249

393 916 532 959 cum
559 895 626 959 in
653 892 979 958 Planiciem
1007 893 1240 958 comitis
1275 892 1604 975 (Machaire
1631 916 1710 957 an
1735 892 1991 976 Earla)‘¹‘'
2190 914 2249 956 m
2294 896 2447 957 ante.
2482 894 2788 959 meridiem

396 981 672 1059 venisset,
701 979 920 1044 milites
948 979 1102 1045 fame
1130 979 1318 1066 pressi
1346 978 1494 1044 duas
1523 980 1588 1045 in
1616 986 1814 1065 partes
1858 1002 1985 1044 sese
2060 978 2345 1044 'videntes
2374 978 2614 1045 alternis
2644 982 2785 1046 vici-

393 1067 506 1132 bus
555 1067 816 1153 impetus
867 1066 1132 1131 hostium
1181 1065 1476 1147 sustinet3
1520 1073 1582 1131 et
1630 1066 1788 1131 aedes
1833 1066 2103 1153 ingressi,
2156 1065 2357 1145 tritici,
2402 1066 2693 1148 fabarmn,
2724 1074 2787 1133 et

391 1153 599 1219 hordei
629 1153 884 1218 sarcinas
913 1152 1224 1238 colligunt,
1275 1152 1611 1239 granisque,
1642 1159 1706 1218 et
1731 1153 1899 1231 zithi,
1945 1153 2040 1217 vel
2068 1152 2331 1218 cervisiae
2358 1160 2511 1239 potu
2540 1176 2667 1219 sese
2694 1177 2785 1219 re-

390 1240 618 1305 ficiunt.
708 1238 891 1311 Quod
919 1238 1056 1319 cibi,
1087 1246 1148 1305 et
1174 1246 1353 1324 potus
1403 1261 1594 1325 genus
1638 1240 1812 1305 siccis
1859 1239 2092 1325 palatis,
2124 1246 2183 1303 et
2212 1239 2613 1306 esurientibus
2640 1262 2783 1306 ven-

389 1327 586 1392 tribus
612 1334 833 1405 nectar,
865 1332 925 1391 et
975 1325 1266 1392 ambrosia
1293 1324 1623 1392 videbatur.
1714 1325 2029 1412 Quidquid
2058 1326 2221 1391 aliud
2258 1326 2522 1391 alimenti
2542 1328 2608 1391 in
2627 1350 2783 1413 pago

385 1414 523 1493 fuit,
552 1414 763 1480 incolae
781 1414 1166 1479 dimoverant.
1257 1413 1422 1478 Hinc
1469 1412 1912 1481 O'Sullevanus
1953 1412 2298 1499 procedens,
2330 1420 2585 1478 armatos
2615 1426 2779 1479 octo·

389 1500 560 1585 ginta
587 1502 814 1586 praeire,
844 1522 985 1567 mox
1010 1500 1432 1587 impedimenta
1460 1501 1628 1585 sequi
1649 1498 1843 1586 jubet,
1871 1500 1997 1586 ipse
2026 1522 2166 1565 cum
2192 1498 2483 1565 militibus
2512 1500 2783 1566 ducentis

393 1588 558 1670 (nam
587 1610 710 1653 non
778 1587 938 1653 lures
963 1594 1111 1653 tunc
1139 1586 1418 1671 habebat)
1453 1608 1668 1672 agmen
1717 1586 2055 1670 claudenstu
2150 1586 2273 1652 Hic
2301 1585 2529 1671 aliquot
2556 1587 2783 1653 defessa
2802 1599 2985 1671 [192]

385 1674 659 1760 jumenta
777 1676 1036 1761 'nquere,
1067 1680 1127 1739 et
1154 1673 1374 1739 milites
1401 1673 1743 1753 nonnullos,
1771 1672 1983 1739 volvis
2001 1674 2299 1757 fatigatos,
2322 1672 2419 1738 vel
2438 1673 2783 1741 vulneribus

389 1760 630 1827 affectos
660 1760 924 1827 deserere
951 1761 1393 1848 insequentium
1421 1760 1808 1845 ejaculatione
1838 1761 2135 1846 cogitur.†

474 1848 575 1912 Ad
603 1847 804 1913 locum
831 1848 1072 1913 nomine
1100 1848 1398 1913 Acharem
1433 1846 1690 1931 (Ach‘ara
1713 1869 1808 1911 em
1840 1846 2170 1929 Omanni)‡
2204 1870 2341 1912 cum
2392 1846 2793 1933 pervenisset,-

391 1933 689 2000 Henricus
720 1935 984 2001 Malbius
1011 1935 1270 2019 Anglus,
1301 1935 1560 2000 Thomas
1588 1933 1833 1999 Burkus
1860 1933 2096 1998 comitis
2117 1933 2552 2000 Clanrichardse
2578 1934 2779 2013 frater,

389 2027 450 2085 et
478 2020 810 2087 Richardus
837 2021 1082 2087 Burkus
1111 2044 1248 2087 cum
1279 2023 1542 2107 quinque
1569 2020 1841 2106 peditum
1862 2020 2225 2099 cohortibus,
2246 2020 2477 2086 duabus
2506 2022 2779 2106 equitum

389 2110 618 2187 turmis,
649 2114 712 2174 et
737 2108 1070 2174 accolarum
1115 2130 1300 2173 manu
1347 2108 1599 2173 veniunt
1626 2106 1899 2173 obviam:
1946 2108 2051 2192 qui
2078 2128 2367 2193 equorum
2396 2108 2656 2187 hinnitu,
2686 2130 2779 2173 ar-

387 2216 620 2260 morum
668 2195 1142 2261 internitentium
1193 2194 1446 2280 fulgore,
1491 2194 1769 2295 clangore
1815 2192 2116 2273 tubal-mn,
2166 2193 2425 2260 modulis
2474 2193 2777 2275 tibiarum,

387 2288 804 2368 tympanorum
831 2281 1176 2372 militarium
1222 2282 1426 2347 sonitu
1475 2281 1790 2367 paucitatis
1815 2280 2259 2347 Catholicorum
2287 2288 2519 2347 mentes
2546 2291 2779 2367 pertur-

387 2366 554 2448 bant,
583 2369 816 2454 ingenti
843 2368 1066 2434 laetitiae
1091 2368 1336 2454 perfusi,
1363 2374 1426 2433 et
1452 2375 1590 2433 ante
1619 2366 1929 2433 victoriam
1954 2368 2411 2454 triumphantes.
2486 2368 2778 2435 Catholici

386 2456 732 2520 vehemente
781 2456 993 2519 timore
1034 2454 1291 2540 perculsi
1332 2460 1494 2519 sunt.
1581 2454 1812 2519 Milites
1840 2455 2165 2541 octoginta,
2197 2456 2301 2540 qui
2327 2453 2619 2540 praeibant
2666 2456 2777 2521 im-

385 2542 726 2627 pedimenta
773 2541 1048 2627 praesidio
1105 2540 1268 2605 nuda
1324 2541 1473 2606 relin
1514 2548 1726 2605 uentes
1783 2540 1860 2606 ad
1958 2542 2179 2606 rimum
2220 2540 2409 2607 hostis
2476 2549 2783 2627 aspectum

387 2630 595 2713 fugam
624 2628 934 2712 arripiunt.
1022 2626 1284 2692 Caeteros
1310 2626 1434 2691 O’S
1522 2648 1745 2692 evanus
1771 2628 1859 2691 ita
1964 2626 2226 2713 oquitur.

477 2719 520 2749 “
541 2712 640 2779 Ita
668 2735 807 2778 cum
835 2712 1041 2778 tulerit
1067 2735 1238 2777 casus
1281 2713 1554 2791 infestus,
1583 2720 1907 2797 nostraque
1934 2735 2061 2778 sors
2090 2712 2529 2792 infaelicissima,
2558 2721 2631 2780 ut
2656 2738 2782 2779 non

390 2798 464 2864 de
495 2798 730 2885 opibus,
759 2822 884 2865 non
913 2800 988 2864 de
1033 2800 1245 2886 patris,
1293 2820 1417 2863 non
1446 2798 1520 2863 de
1549 2798 1769 2877 liberis,
1800 2806 1980 2883 atque
2008 2799 2364 2884 conjugibus
2392 2800 2612 2864 nostris
2656 2801 2781 2887 jam

385 2886 564 2952 nobis
614 2886 790 2951 hodie
840 2908 978 2951 cum
1022 2885 1298 2951 hostibus
1347 2886 1476 2950 haec
1525 2892 1831 2951 contentio
1860 2886 1959 2963 sit,
1990 2884 2096 2950 sed
2139 2885 2213 2950 de
2242 2886 2367 2951 vita
2392 2892 2615 2965 nostra,
2646 2907 2782 2972 quae

387 2973 514 3039 sola
540 2972 715 3039 nobis
765 2980 1052 3059 superest,
1104 2972 1221 3038 hoc
1269 2972 1552 3059 temporis
1591 2978 1895 3037 momento
1924 2971 1999 3037 lis
2026 2973 2203 3037 armis
2233 2971 2617 3052 discernatur,
2649 2974 2783 3058 quis

386 3068 648 3125 vestrum
682 3064 808 3145 (per
833 3059 1227 3125 immortalem
1254 3058 1456 3124 Deum
1483 3062 1654 3144 rogo)
1683 3081 1806 3123 non
1837 3058 2016 3145 eliget
2044 3059 2110 3124 in
2126 3059 2249 3125 acie
2268 3060 2471 3145 potius
2493 3059 2781 3126 dimicans

389 3146 644 3231 gloriose
672 3147 880 3213 cadere
909 3148 1260 3233 sanguinem
1289 3168 1466 3211 suum
1492 3145 1872 3225 vindicando,
1904 3166 2102 3231 quam,
2134 3147 2311 3211 sicuti
2338 3146 2614 3233 pecudes,
2646 3170 2781 3232 quae

385 3234 612 3299 nullam
639 3236 930 3300 rationem
959 3232 1186 3299 decoris
1213 3231 1456 3309 habent,
1486 3233 1640 3298 faede
1667 3232 1953 3318 fugiendo
1969 3232 2199 3298 inultus
2226 3233 2533 3299 interimi?
2620 3234 2780 3301 Prae-

387 3320 541 3385 clare
571 3322 818 3407 majores
845 3322 1053 3400 nostri,
1081 3322 1194 3387 viri
1222 3320 1404 3386 animi
1451 3319 1863 3406 magnitudine
1888 3320 2157 3405 insignes
2184 3341 2492 3408 nunquam
2523 3344 2645 3386 non
2674 3321 2781 3386 ho-

387 3416 555 3473 nesta
583 3416 775 3473 morte
803 3409 962 3494 fugae
992 3408 1248 3473 dedecus
1295 3409 1580 3487 vitarunt,
1627 3409 1805 3473 etiam
1856 3414 2007 3487 tum,
2039 3430 2177 3473 cum
2204 3408 2365 3494 fugae
2406 3407 2575 3473 locus
2603 3416 2777 3473 esset.

386 3494 615 3559 Eorum
643 3495 890 3580 vestigia
918 3496 1087 3579 sequi
1113 3494 1288 3559 nobis
1317 3515 1551 3580 quoque
1581 3495 1914 3580 speciosum
1942 3495 2071 3573 erit,
2102 3494 2429 3580 praesertim
2470 3517 2608 3559 cum
2636 3494 2782 3580 fuga

387 3581 631 3647 minime
660 3582 912 3647 salutem
938 3582 1130 3667 possit
1157 3580 1379 3646 afferre.
1467 3580 1566 3644 En
1595 3580 1877 3666 planicies
1918 3580 2117 3680 longe,
2148 3579 2385 3666 lateque
2412 3588 2622 3666 patens
2652 3582 2781 3646 sine

385 3667 704 3753 paludibus
731 3668 1050 3753 impeditis,
1075 3668 1202 3733 sine
1231 3666 1432 3732 densis
1460 3667 1658 3752 sylvis,
1689 3667 1816 3731 sine
1845 3667 2085 3733 latebris
2106 3666 2265 3746 ullis,
2298 3667 2516 3753 quibus
2544 3668 2782 3753 fugien-

387 3762 478 3819 tm
508 3756 866 3820 occulamur.
954 3754 1174 3839 Populi
1217 3753 1458 3819 finitimi
1505 3752 1658 3817 nihil
1698 3753 1875 3819 nobis
1916 3755 2036 3818 tuti
2065 3760 2227 3818 sunt.
2316 3754 2557 3819 Auxilia
2604 3754 2780 3820 nobis

387 3841 591 3906 nullus
640 3842 823 3906 venit.
911 3840 1078 3919 Vias,
1122 3846 1306 3925 atque
1368 3838 1544 3906 calles
1587 3838 1790 3904 hostes
1842 3838 2135 3905 obsident.
2180 3840 2317 3905 Nos
2367 3840 2547 3905 etiam
2595 3842 2779 3927 longo

384 3928 597 3993 itinere
644 3928 784 3992 lassi
833 3949 1038 3992 sumus
1083 3925 1376 3992 inhabiles
1423 3926 1733 3992 currendo.
1824 3925 2135 4012 Quidquid
2186 3950 2327 4012 ergo
2354 3928 2616 4013 praesidii
2644 3928 2779 3993 reli-

387 4037 575 4165 qultlim
603 4020 712 4164 ist,
742 4015 806 4079 id
815 4036 1034 4164 Irepieta
1076 4021 1274 4166 totam
1319 4014 1386 4164 itn
1431 4012 1863 4165 ἷῐιπιιὲιὲθνίἕζτε,
1909 4013 2400 4165 bgachiorumque
2410 4014 2781 4166 kfortitudtijne

386 4122 728 4167 coocaur.
853 4122 1327 4186 giurag1,e
1406 4122 1442 4165 o
1781 4122 2781 4185 ‚qulusammo,roore,reus

387 4188 589 4273 gestis,
618 4187 736 4253 fide
782 4193 1153 4253 sacrosancta
1195 4188 1508 4272 praestatis.
1599 4186 2001 4253 Recordemur
2042 4210 2149 4273 per
2174 4188 2355 4253 hosce
2383 4188 2529 4266 dies,
2558 4188 2782 4267 hostes,

387 4274 751 4361 ubicumque
795 4272 970 4339 nobis
1021 4281 1424 4353 occurrerunt,
1473 4272 1656 4338 fuisse
1707 4272 1911 4339 divino
1950 4274 2209 4358 quodam
2250 4296 2497 4340 munere
2523 4276 2781 4363 fugatos.

387 4361 661 4448 Desuper
689 4362 727 4426 ὲ,
754 4361 887 4426 Deo
919 4360 1222 4426 victoriam
1253 4360 1381 4425 dari
1429 4359 1756 4425 credamus.
1846 4360 2151 4426 Christum
2179 4360 2509 4425 Dominum
2537 4363 2603 4427 in
2630 4363 2783 4448 peri-

388 4447 536 4513 culis
585 4448 884 4527 extremis,
933 4448 1058 4512 suis
1085 4446 1306 4527 adesse,
1339 4452 1399 4511 et
1426 4469 1536 4532 pro
1565 4447 1693 4530 ejus
1720 4447 1983 4527 nomine,
2014 4453 2077 4512 et
2106 4447 2474 4513 sanctissima
2500 4448 2787 4536 religione

460 4640 484 4665 ¹*
525 4638 964 4694 Olanrickarde’s
988 4638 1156 4711 plain,
1183 4638 1346 4692 south
1372 4642 1490 4691 east
1512 4636 1579 4690 of
1605 4636 1700 4690 the
1725 4644 1928 4709 county
1956 4638 2198 4710 Galway.

461 4709 490 4775 †
529 4710 652 4764 'l'he
667 4711 846 4764 whole
909 4720 999 4769 art
1057 4711 1190 4764 then
1216 4710 1344 4781 only
1367 4712 1493 4772 300,
1519 4705 1821 4779 according
1854 4716 1915 4763 to
1939 4708 2095 4764 Four
2121 4709 2384 4775 Masters,
2408 4729 2461 4783 p.
2491 4716 2651 4774 2317.

401 4812 416 4821 .
463 4780 494 4847 χ
531 4781 820 4917 Aughizi31'u2
835 4783 862 4838 1
894 4802 926 4855 y
1025 4800 1148 4854 any,
1167 4783 1272 4838 ,the
1295 4779 1558 4852 territory
1586 4779 1652 4834 of
1679 4779 1776 4834 the
1803 4778 2111 4866 O'Kellys3
