3634 5842
397 752 534 799 oar.
579 730 702 814 1x.]
1164 746 1447 792 rui-mma:
1493 745 1609 791 sun
1653 748 2067 795 nmzanma.
2656 730 2777 793 103

1400 986 1582 1051 CAP.
1625 986 1744 1052 IX.

392 1202 618 1259 Bellum
658 1200 790 1257 Mac
834 1200 1060 1255 Carrhae
1103 1196 1396 1268 Principis,
1435 1205 1493 1252 et
1536 1198 1768 1254 Comitis
1809 1198 2011 1254 Desiae.
2084 1198 2299 1255 Jaimus
2350 1198 2672 1255 Giraldinus
2720 1199 2777 1253 in

1205 1269 1530 1340 Hispaniam
1553 1269 1949 1342 proficiscitur.

389 1448 586 1515 HAUD
646 1448 753 1513 diu
807 1452 946 1537 post
1002 1447 1046 1512 J
1047 1448 1186 1514 aimi
1242 1454 1445 1512 motus
1497 1446 1734 1512 sedatos
1789 1446 1951 1512 inter
2001 1446 2315 1512 Giraldum
2361 1448 2663 1528 comitem,
2716 1452 2777 1514 et

387 1536 840 1602 Domhnaldum
897 1534 1040 1601 Mac
1097 1534 1380 1600 Carrham
1417 1536 1444 1618 ΙΙ
1509 1532 1883 1599 Clancarrhae
1940 1534 2300 1621 Principem,
2362 1540 2422 1599 et
2492 1534 2776 1601 Belinsiae
2798 1577 2941 1645 [88]

387 1623 664 1688 comitem
707 1622 930 1689 bellum
959 1628 1051 1688 est
1079 1630 1278 1687 ortum
1306 1627 1368 1687 et
1399 1620 1475 1686 ad
1503 1620 1797 1706 Mangum
1826 1620 2050 1686 flumen
2078 1622 2267 1707 magis
2287 1622 2564 1701 infauste,
2597 1623 2776 1708 quam
2896 1616 2911 1632 ‘

389 1710 602 1776 acriter
648 1716 1006 1797 pugnatum.
1122 1708 1402 1794 Namque
1451 1707 1793 1773 ceciderunt
1830 1706 2057 1793 aliquot
2106 1708 2334 1793 equites
2390 1708 2686 1794 splendidi
2744 1732 2781 1774 c

389 1796 532 1862 Mac
559 1796 796 1862 Carrhae
836 1796 1117 1874 exercitu,
1149 1802 1210 1860 et
1236 1796 1394 1860 inter
1433 1793 1568 1859 illos
1598 1794 1870 1873 Maurus,
1902 1801 1963 1860 et
1990 1794 2302 1881 Eugenius
2349 1794 2492 1861 Mac
2522 1796 2777 1875 Suinnii,

389 1906 642 1969 quorum
675 1907 712 1949 o
755 1906 854 1949 era
897 1884 940 1949 J
941 1884 1132 1949 aimus
1171 1891 1310 1948 ante
1351 1888 1559 1947 contra
1584 1882 1897 1947 haereticos
1925 1882 2120 1946 fuerat
2158 1902 2324 1960 usus,
2356 1888 2418 1947 et
2445 1905 2519 1949 ex
2548 1882 2779 1948 Giraldi

391 1972 580 2056 copiis
628 1970 716 2035 Co
741 1993 812 2035 us
848 1968 1061 2037 Mauri
1107 1970 1289 2035 frater
1335 1968 1498 2034 solus
1545 1968 1891 2035 occubuit&
1979 1968 2160 2034 Brevi
2209 1968 2253 2033 J
2254 1969 2444 2035 aimus
2484 1976 2651 2035 ratus
2692 1969 2776 2049 id,

389 2058 552 2143 quod
579 2058 726 2123 mihi
751 2059 1024 2123 futurum
1069 2057 1252 2122 fuisse
1279 2055 1610 2136 videbatur,
1658 2078 1722 2121 se
1769 2078 1877 2143 per
1910 2054 2143 2141 Anglos
2170 2055 2236 2122 in
2264 2056 2507 2123 IberniA
2534 2054 2779 2122 minime

389 2145 746 2305 ttpatutntfssre
792 2146 858 2211 in
911 2144 1268 2231 Hispaniam
1317 2166 1456 2209 cum
1489 2166 1692 2223 uxore,
1744 2147 1806 2207 et
1856 2141 1993 2208 filiis
2035 2142 2271 2209 duobus
2290 2143 2614 2231 juvenibus
2640 2143 2782 2210 navi

479 2254 596 2320 Jeci
629 2282 644 2296 .
1895 2252 1903 2259 ·
1986 2270 1991 2275 .

1432 2653 1612 2718 CAP.
1657 2653 1742 2719 X.

977 2840 1292 2896 Richardus
1317 2842 1552 2897 Ibernioe
1577 2842 1793 2897 Primae
1815 2843 1903 2897 vir
1926 2842 2173 2917 insignis.

395 3028 523 3095 H1s
553 3022 990 3092 calamitatibus
1039 3022 1281 3090 Ibernia
1311 3024 1414 3090 diu
1442 3024 1664 3091 miserc-
1684 3027 2045 3093 concutitur.
2133 3029 2288 3095 Cum
2318 3028 2456 3098 verb
2484 3032 2783 3101 tumultus

398 3135 700 3183 armorum
745 3110 1129 3199 pacabuntur,
1182 3111 1370 3199 Angli
1419 3112 1570 3177 nihil
1621 3114 1927 3201 antiquius
1985 3116 2301 3197 habebant,
2361 3119 2542 3205 quam
2598 3128 2667 3187 ut
2716 3124 2782 3189 in

399 3224 597 3270 sacros
627 3198 942 3279 antistites,
967 3197 1322 3285 Religiosos,
1345 3204 1406 3265 et
1423 3200 1755 3267 sacerdotes
1777 3203 2071 3269 saevirent.
2113 3204 2213 3270 Ab
2230 3202 2349 3271 illis
2370 3206 2486 3272 hoc
2514 3214 2782 3297 tempore

399 3286 864 3376 deprehenditur
890 3285 1146 3351 Iberniae
1195 3288 1434 3373 primae,
1489 3285 1564 3353 de
1612 3289 1786 3375 eujus
1813 3290 1957 3369 vita,
1990 3312 2235 3372 carcere,
2268 3300 2330 3358 et
2356 3293 2528 3360 obitu
2553 3296 2620 3361 in
2648 3320 2781 3384 pre-

396 3377 586 3442 sentia
671 3395 818 3439 anca
861 3373 1056 3438 relatu
1106 3375 1374 3459 jucunda
1421 3381 1565 3440 sunt
1611 3376 2083 3463 perstringenda.
2191 3380 2405 3467 Itaque
2448 3381 2782 3450 Richardus

347 3468 364 3486 '
396 3398 878 3540 O'Melcllrebus,
907 3460 1090 3546 vulgo
1132 3460 1457 3540 Chrechus,
1505 3468 1565 3527 et
1610 3461 1685 3527 ab
1728 3464 2028 3550 aliquibus
2066 3466 2453 3553 scriptoribus
2502 3468 2783 3537 Gravaeus

405 3550 620 3629 dictus,
679 3548 799 3613 fuit
855 3548 1093 3633 genitus
1149 3556 1316 3635 patre
1371 3555 1696 3615 mercatore
1745 3550 1951 3637 oppidi
2008 3551 2369 3619 Lomnachae
2408 3557 2472 3621 in
2516 3555 2780 3636 Ibernia,

396 3638 638 3703 homine
666 3632 843 3721 plane
911 3633 1078 3714 robe,
1110 3642 1170 3699 et
1198 3636 1470 3714 honesto,
1515 3635 1901 3723 imbutusque
1929 3637 2268 3706 Christiana
2292 3640 2691 3722 institutione,
2722 3652 2784 3710 et

395 3724 728 3790 litterarum
783 3744 856 3786 ru
897 3720 1138 3787 imentis
1186 3722 1362 3808 juxta
1409 3722 1605 3808 gentis
1659 3722 1825 3789 illius
1866 3746 2095 3790 morem
2150 3748 2185 3791 a
2225 3728 2499 3813 pueritia,
2540 3729 2780 3815 pietate,

399 3811 586 3877 divini
627 3832 704 3875 ue
765 3808 964 3873 cultus
1037 3808 1238 3874 studio
1298 3808 1588 3894 flagravit.
1703 3809 2069 3876 Adolescens
2138 3820 2526 3879 mercaturam
2600 3817 2785 3903 patris

399 3894 1360 4051 Zssfflci'aeffiss‘fflujnsstfferssssam
1370 3917 1448 4046 ᾖξ’
1450 3917 1487 3959 ⁰
1531 3894 2297 4069 Ὕέξωῖῖῖἓῖοήῗίῑ
2318 3900 2615 4055 ῗὲἓῖἰιῗῗὲ
2644 3904 2784 4057 '323³

403 4072 566 4151 ditis,
597 4077 658 4136 et
686 4033 815 4135 {liis
843 4070 1023 4134 causa
1067 4067 1219 4133 lucri
1258 4068 1494 4154 majoris
1537 4069 1790 4154 emptis;
1833 4070 2018 4156 inque
2043 4074 2245 4139 navim
2284 4074 2577 4161 impositis
2605 4083 2785 4163 atque

403 4158 584 4225 rebus
613 4156 891 4223 omnibus
941 4154 1016 4220 ad
1061 4154 1318 4220 reditum
1348 4155 1586 4241 paratis,
1628 4156 1889 4222 secundo
1916 4164 2095 4224 vento
2123 4160 2385 4240 inflante,
2418 4162 2561 4243 dies,
2606 4170 2785 4249 atque

402 4248 552 4313 hora
600 4243 1006 4321 constituitur,
1049 4264 1169 4327 qua
1216 4248 1570 4307 mercatores
1627 4265 1835 4309 omnes
1890 4246 2092 4311 navim
2136 4246 2554 4315 conscendant.
2646 4249 2787 4321 Qua

403 4334 500 4399 die
529 4354 668 4397 cum
696 4351 929 4396 summo
959 4350 1133 4429 mane
1177 4334 1593 4429 concurrerent
1645 4329 1720 4395 ad
1766 4331 1986 4413 navim,
2006 4332 2363 4433 ‘Richardus
2408 4337 2583 4401 sociis
2611 4336 2785 4418 dixit,

401 4415 2789 4578 33⁸1}ssssYr‘ss‘ssfflffimpPwsssffnffimoafflffioffiffiffifflffiffi

485 4702 510 4728 ⁶
536 4700 691 4755 ΑΙ).
725 4700 878 4781 1574ε
913 4698 1062 4753 Four
1083 4697 1339 4761 Manere,
1351 4694 1476 4752 who
1493 4696 1732 4751 mention
1750 4696 1846 4751 the
1863 4694 2026 4751 death
2044 4696 2111 4752 os
2126 4698 2253 4773 only
2270 4718 2373 4755 one
2398 4702 2527 4759 Mac
2541 4704 2779 4782 Sweeny.

489 4774 518 4837 †
557 4772 624 4825 In
648 4772 745 4826 the
769 4786 956 4841 spring
980 4768 1046 4823 os
1068 4770 1218 4828 1575.
1257 4770 1407 4824 Four
1430 4768 1688 4823 Manen.
