<?xml version="1.0" encoding="UTF-8"?>
<!DOCTYPE html PUBLIC "-//W3C//DTD XHTML 1.0 Transitional//EN"
    "http://www.w3.org/TR/xhtml1/DTD/xhtml1-transitional.dtd">
<html xmlns="http://www.w3.org/1999/xhtml" xml:lang="en" lang="en">
 <head>
  <title>
</title>
<meta http-equiv="Content-Type" content="text/html;charset=utf-8" />
  <meta name='ocr-system' content='tesseract 3.04.00' />
  <meta name='ocr-capabilities' content='ocr_page ocr_carea ocr_par ocr_line ocrx_word'/>
</head>
<body>
  <div class='ocr_page' id='page_1' title='image "./historicatholic00kellgoog_0280.png"; bbox 0 0 3634 5842; ppageno 0'>
   <div class='ocr_carea' id='block_1_1' title="bbox 903 677 3287 774">
    <p class='ocr_par' dir='ltr' id='par_1_1' title="bbox 903 677 3287 774">
     <span class='ocr_line' id='line_1_1' title="bbox 903 677 3287 774; baseline -0.002 -31"><span class='ocrx_word' id='word_1_1' title='bbox 903 682 1028 743; x_wconf 76' lang='lat'><strong>244</strong></span> <span class='ocrx_word' id='word_1_2' title='bbox 1286 678 1704 747; x_wconf 66' lang='lat' dir='ltr'><strong>o&#39;sumvam</strong></span> <span class='ocrx_word' id='word_1_3' title='bbox 1747 698 2069 745; x_wconf 59' lang='lat' dir='ltr'><strong>msa-oum</strong></span> <span class='ocrx_word' id='word_1_4' title='bbox 2110 698 2499 757; x_wconf 60' lang='lat' dir='ltr'><strong>cunonem,</strong></span> <span class='ocrx_word' id='word_1_5' title='bbox 2540 699 2690 744; x_wconf 73' lang='lat' dir='ltr'><strong>ron.</strong></span> <span class='ocrx_word' id='word_1_6' title='bbox 2736 698 2840 743; x_wconf 92' lang='lat'><strong>111.</strong></span> <span class='ocrx_word' id='word_1_7' title='bbox 2956 677 3287 774; x_wconf 52' lang='lat' dir='ltr'><strong>[malvn.</strong></span> 
     </span>
    </p>
   </div>
   <div class='ocr_carea' id='block_1_2' title="bbox 899 847 3301 2675">
    <p class='ocr_par' dir='ltr' id='par_1_2' title="bbox 899 847 3295 1459">
     <span class='ocr_line' id='line_1_2' title="bbox 900 847 3295 939; baseline -0.001 -24"><span class='ocrx_word' id='word_1_8' title='bbox 900 850 1242 937; x_wconf 80' lang='lat' dir='ltr'><strong>Theologiae</strong></span> <span class='ocrx_word' id='word_1_9' title='bbox 1267 852 1602 939; x_wconf 81' lang='lat' dir='ltr'><strong>insignibus</strong></span> <span class='ocrx_word' id='word_1_10' title='bbox 1631 852 1964 933; x_wconf 85' lang='lat' dir='ltr'><strong>decoratus,</strong></span> <span class='ocrx_word' id='word_1_11' title='bbox 1992 860 2055 919; x_wconf 92' lang='lat' dir='ltr'><strong>et</strong></span> <span class='ocrx_word' id='word_1_12' title='bbox 2095 853 2161 917; x_wconf 90' lang='lat' dir='ltr'><strong>in</strong></span> <span class='ocrx_word' id='word_1_13' title='bbox 2190 853 2535 938; x_wconf 87' lang='lat' dir='ltr'><strong>episcopum</strong></span> <span class='ocrx_word' id='word_1_14' title='bbox 2584 850 2759 916; x_wconf 79' lang='lat' dir='ltr'><strong>Bosoe</strong></span> <span class='ocrx_word' id='word_1_15' title='bbox 2788 850 2826 915; x_wconf 67' lang='lat' dir='ltr'><strong>a</strong></span> <span class='ocrx_word' id='word_1_16' title='bbox 2854 850 3103 915; x_wconf 84' lang='lat' dir='ltr'><strong>Summo</strong></span> <span class='ocrx_word' id='word_1_17' title='bbox 3116 847 3295 914; x_wconf 77' lang='lat' dir='ltr'><strong>,Pon-</strong></span> 
     </span>
     <span class='ocr_line' id='line_1_3' title="bbox 900 936 3293 1024; baseline -0.002 -21"><span class='ocrx_word' id='word_1_18' title='bbox 900 938 1058 1003; x_wconf 88' lang='lat' dir='ltr'><strong>tiflce</strong></span> <span class='ocrx_word' id='word_1_19' title='bbox 1107 937 1471 1024; x_wconf 86' lang='lat' dir='ltr'><strong>designatus,</strong></span> <span class='ocrx_word' id='word_1_20' title='bbox 1519 940 1666 1005; x_wconf 89' lang='lat' dir='ltr'><strong>dum</strong></span> <span class='ocrx_word' id='word_1_21' title='bbox 1714 939 1981 1005; x_wconf 83' lang='lat' dir='ltr'><strong>vestibus</strong></span> <span class='ocrx_word' id='word_1_22' title='bbox 2024 939 2431 1005; x_wconf 85' lang='lat' dir='ltr'><strong>ecclesiasticis</strong></span> <span class='ocrx_word' id='word_1_23' title='bbox 2479 938 2727 1004; x_wconf 86' lang='lat' dir='ltr'><strong>indutus</strong></span> <span class='ocrx_word' id='word_1_24' title='bbox 2776 960 2941 1003; x_wconf 86' lang='lat' dir='ltr'><strong>arma</strong></span> <span class='ocrx_word' id='word_1_25' title='bbox 2966 936 3293 1023; x_wconf 80' lang='lat' dir='ltr'><strong>spiritualia</strong></span> 
     </span>
     <span class='ocr_line' id='line_1_4' title="bbox 900 1023 3291 1111; baseline -0 -23"><span class='ocrx_word' id='word_1_26' title='bbox 900 1024 1174 1089; x_wconf 84' lang='lat' dir='ltr'><strong>manibus</strong></span> <span class='ocrx_word' id='word_1_27' title='bbox 1204 1026 1376 1111; x_wconf 85' lang='lat' dir='ltr'><strong>gerit,</strong></span> <span class='ocrx_word' id='word_1_28' title='bbox 1407 1024 1588 1091; x_wconf 87' lang='lat' dir='ltr'><strong>altera</strong></span> <span class='ocrx_word' id='word_1_29' title='bbox 1617 1026 1986 1093; x_wconf 84' lang='lat' dir='ltr'><strong>Breviarium</strong></span> <span class='ocrx_word' id='word_1_30' title='bbox 2036 1026 2219 1091; x_wconf 85' lang='lat' dir='ltr'><strong>altera</strong></span> <span class='ocrx_word' id='word_1_31' title='bbox 2248 1026 2583 1104; x_wconf 80' lang='lat' dir='ltr'><strong>Bosarium,</strong></span> <span class='ocrx_word' id='word_1_32' title='bbox 2611 1032 2813 1089; x_wconf 87' lang='lat' dir='ltr'><strong>tamen</strong></span> <span class='ocrx_word' id='word_1_33' title='bbox 2836 1025 2876 1089; x_wconf 69' lang='lat' dir='ltr'><strong>a.</strong></span> <span class='ocrx_word' id='word_1_34' title='bbox 2902 1024 3082 1109; x_wconf 86' lang='lat' dir='ltr'><strong>regiis</strong></span> <span class='ocrx_word' id='word_1_35' title='bbox 3108 1023 3291 1087; x_wconf 72' lang='lat' dir='ltr'><strong>inter-</strong></span> 
     </span>
     <span class='ocr_line' id='line_1_5' title="bbox 899 1109 3294 1265; baseline -0.001 -90"><span class='ocrx_word' id='word_1_36' title='bbox 899 1118 1108 1262; x_wconf 52' lang='lat' dir='ltr'><strong>pekptus</strong></span> <span class='ocrx_word' id='word_1_37' title='bbox 1135 1112 1292 1211; x_wconf 67' lang='lat' dir='ltr'><strong>ferro</strong></span> <span class='ocrx_word' id='word_1_38' title='bbox 1318 1113 1732 1264; x_wconf 28' lang='lat' dir='ltr'><strong>prosternitur&amp;</strong></span> <span class='ocrx_word' id='word_1_39' title='bbox 1739 1112 2037 1213; x_wconf 67' lang='lat' dir='ltr'><strong>lethaliter</strong></span> <span class='ocrx_word' id='word_1_40' title='bbox 2064 1113 2259 1179; x_wconf 83' lang='lat' dir='ltr'><strong>ictus:</strong></span> <span class='ocrx_word' id='word_1_41' title='bbox 2290 1110 2829 1265; x_wconf 55' lang='lat' dir='ltr'><strong>qlliniflqiuerentibps,</strong></span> <span class='ocrx_word' id='word_1_42' title='bbox 2852 1109 3294 1261; x_wconf 50' lang='lat' dir='ltr'><strong>atqueplortqrg</strong></span> 
     </span>
     <span class='ocr_line' id='line_1_6' title="bbox 929 1200 3169 1283; baseline -0.001 -20"><span class='ocrx_word' id='word_1_43' title='bbox 929 1222 948 1263; x_wconf 87' lang='lat'>1</span> <span class='ocrx_word' id='word_1_44' title='bbox 993 1220 1062 1263; x_wconf 89' lang='lat' dir='ltr'><strong>us</strong></span> <span class='ocrx_word' id='word_1_45' title='bbox 1083 1220 1286 1263; x_wconf 72' lang='lat' dir='ltr'><strong>amicis</strong></span> <span class='ocrx_word' id='word_1_46' title='bbox 1313 1221 1335 1263; x_wconf 92' lang='lat'>1</span> <span class='ocrx_word' id='word_1_47' title='bbox 1377 1222 1507 1265; x_wconf 89' lang='lat' dir='ltr'><strong>sum</strong></span> <span class='ocrx_word' id='word_1_48' title='bbox 1539 1221 1667 1265; x_wconf 87' lang='lat' dir='ltr'><strong>esse</strong></span> <span class='ocrx_word' id='word_1_49' title='bbox 1910 1222 1939 1265; x_wconf 88' lang='lat' dir='ltr'><strong>s</strong></span> <span class='ocrx_word' id='word_1_50' title='bbox 1966 1222 2249 1279; x_wconf 78' lang='lat' dir='ltr'><strong>occlsum,</strong></span> <span class='ocrx_word' id='word_1_51' title='bbox 2280 1205 2321 1234; x_wconf 91' lang='lat'><strong><em>“</em></strong></span> <span class='ocrx_word' id='word_1_52' title='bbox 2476 1200 2542 1279; x_wconf 87' lang='lat'><strong>,”</strong></span> <span class='ocrx_word' id='word_1_53' title='bbox 2570 1220 2740 1283; x_wconf 85' lang='lat' dir='ltr'><strong>mqm</strong></span> <span class='ocrx_word' id='word_1_54' title='bbox 2766 1248 2785 1277; x_wconf 94' lang='lat'>‚</span> <span class='ocrx_word' id='word_1_55' title='bbox 2834 1204 3081 1276; x_wconf 59' lang='lat' dir='ltr'><strong>‘misem</strong></span> <span class='ocrx_word' id='word_1_56' title='bbox 3108 1220 3169 1261; x_wconf 78' lang='lat' dir='ltr'><strong>vl</strong></span> 
     </span>
     <span class='ocr_line' id='line_1_7' title="bbox 901 1222 3291 1369; baseline -0.001 -19"><span class='ocrx_word' id='word_1_57' title='bbox 901 1285 1258 1364; x_wconf 81' lang='lat' dir='ltr'><strong>attulerunt,</strong></span> <span class='ocrx_word' id='word_1_58' title='bbox 1290 1287 1342 1350; x_wconf 90' lang='lat' dir='ltr'><strong>si</strong></span> <span class='ocrx_word' id='word_1_59' title='bbox 1383 1287 1406 1351; x_wconf 91' lang='lat' dir='ltr'><strong>i</strong></span> <span class='ocrx_word' id='word_1_60' title='bbox 1435 1294 1688 1351; x_wconf 88' lang='lat' dir='ltr'><strong>mortem</strong></span> <span class='ocrx_word' id='word_1_61' title='bbox 1705 1222 2181 1353; x_wconf 49' lang='lat' dir='ltr'><strong>cordsgdiveruntl&#39;</strong></span> <span class='ocrx_word' id='word_1_62' title='bbox 2266 1285 2419 1352; x_wconf 86' lang='lat' dir='ltr'><strong>Cum</strong></span> <span class='ocrx_word' id='word_1_63' title='bbox 2436 1286 2695 1352; x_wconf 81' lang='lat' dir='ltr'><strong>animam</strong></span> <span class='ocrx_word' id='word_1_64' title='bbox 2722 1284 3040 1364; x_wconf 79' lang='lat' dir='ltr'><strong>exhalaret,</strong></span> <span class='ocrx_word' id='word_1_65' title='bbox 3070 1283 3135 1349; x_wconf 85' lang='lat' dir='ltr'><strong>in</strong></span> <span class='ocrx_word' id='word_1_66' title='bbox 3162 1283 3291 1369; x_wconf 86' lang='lat' dir='ltr'><strong>ejus</strong></span> 
     </span>
     <span class='ocr_line' id='line_1_8' title="bbox 902 1371 2805 1459; baseline 0 -22"><span class='ocrx_word' id='word_1_67' title='bbox 902 1394 1022 1449; x_wconf 87' lang='lat' dir='ltr'><strong>ore,</strong></span> <span class='ocrx_word' id='word_1_68' title='bbox 1052 1373 1392 1458; x_wconf 85' lang='lat' dir='ltr'><strong>circumque</strong></span> <span class='ocrx_word' id='word_1_69' title='bbox 1419 1373 1632 1439; x_wconf 81' lang='lat' dir='ltr'><strong>faciem</strong></span> <span class='ocrx_word' id='word_1_70' title='bbox 1657 1371 1895 1439; x_wconf 89' lang='lat' dir='ltr'><strong>lucidus</strong></span> <span class='ocrx_word' id='word_1_71' title='bbox 1924 1371 2202 1459; x_wconf 79' lang='lat' dir='ltr'>splendor</span> <span class='ocrx_word' id='word_1_72' title='bbox 2228 1395 2265 1438; x_wconf 90' lang='lat' dir='ltr'><strong>a</strong></span> <span class='ocrx_word' id='word_1_73' title='bbox 2304 1374 2569 1459; x_wconf 86' lang='lat' dir='ltr'><strong>paruisse</strong></span> <span class='ocrx_word' id='word_1_74' title='bbox 2596 1373 2805 1438; x_wconf 88' lang='lat' dir='ltr'><strong>fertur.</strong></span> 
     </span>
    </p>

    <p class='ocr_par' dir='ltr' id='par_1_3' title="bbox 903 1395 3301 2065">
     <span class='ocr_line' id='line_1_9' title="bbox 990 1395 3293 1546; baseline -0.001 -23"><span class='ocrx_word' id='word_1_75' title='bbox 990 1458 1340 1544; x_wconf 74' lang='lat' dir='ltr'><strong>Dei-mysius</strong></span> <span class='ocrx_word' id='word_1_76' title='bbox 1389 1459 1530 1525; x_wconf 86' lang='lat' dir='ltr'><strong>Mac</strong></span> <span class='ocrx_word' id='word_1_77' title='bbox 1579 1460 1802 1526; x_wconf 78' lang='lat' dir='ltr'><strong>Cartha</strong></span> <span class='ocrx_word' id='word_1_78' title='bbox 1852 1461 2205 1546; x_wconf 84' lang='lat' dir='ltr'><strong>cognomine</strong></span> <span class='ocrx_word' id='word_1_79' title='bbox 2254 1395 2459 1525; x_wconf 58' lang='lat' dir='ltr'><strong>fluber</strong></span> <span class='ocrx_word' id='word_1_80' title='bbox 2507 1458 2759 1525; x_wconf 86' lang='lat' dir='ltr'><strong>Conaldi</strong></span> <span class='ocrx_word' id='word_1_81' title='bbox 2784 1458 2947 1523; x_wconf 87' lang='lat' dir='ltr'><strong>filius</strong></span> <span class='ocrx_word' id='word_1_82' title='bbox 2996 1456 3293 1534; x_wconf 83' lang='lat' dir='ltr'><strong>sacerdos,</strong></span> 
     </span>
     <span class='ocr_line' id='line_1_10' title="bbox 905 1543 3295 1633; baseline -0.001 -22"><span class='ocrx_word' id='word_1_83' title='bbox 905 1568 1045 1611; x_wconf 90' lang='lat' dir='ltr'><strong>cum</strong></span> <span class='ocrx_word' id='word_1_84' title='bbox 1071 1546 1292 1632; x_wconf 86' lang='lat' dir='ltr'><strong>pietate</strong></span> <span class='ocrx_word' id='word_1_85' title='bbox 1319 1553 1520 1612; x_wconf 91' lang='lat' dir='ltr'><strong>motus</strong></span> <span class='ocrx_word' id='word_1_86' title='bbox 1549 1546 1766 1613; x_wconf 82' lang='lat' dir='ltr'><strong>milites</strong></span> <span class='ocrx_word' id='word_1_87' title='bbox 1793 1549 2105 1633; x_wconf 88' lang='lat' dir='ltr'><strong>utriusque</strong></span> <span class='ocrx_word' id='word_1_88' title='bbox 2146 1547 2331 1633; x_wconf 85' lang='lat' dir='ltr'><strong>partis</strong></span> <span class='ocrx_word' id='word_1_89' title='bbox 2372 1545 2719 1612; x_wconf 86' lang='lat' dir='ltr'><strong>vulneribus</strong></span> <span class='ocrx_word' id='word_1_90' title='bbox 2746 1543 3201 1631; x_wconf 73' lang='lat' dir='ltr'><strong>procumbentes</strong></span> <span class='ocrx_word' id='word_1_91' title='bbox 3226 1544 3295 1609; x_wconf 87' lang='lat' dir='ltr'><strong>in</strong></span> 
     </span>
     <span class='ocr_line' id='line_1_11' title="bbox 903 1630 3301 1785; baseline -0.002 -87"><span class='ocrx_word' id='word_1_92' title='bbox 903 1633 1034 1720; x_wconf 86' lang='lat' dir='ltr'><strong>ipsa</strong></span> <span class='ocrx_word' id='word_1_93' title='bbox 1062 1639 1277 1718; x_wconf 82' lang='lat' dir='ltr'><strong>strage,</strong></span> <span class='ocrx_word' id='word_1_94' title='bbox 1309 1640 1370 1697; x_wconf 93' lang='lat' dir='ltr'><strong>et</strong></span> <span class='ocrx_word' id='word_1_95' title='bbox 1399 1633 1610 1698; x_wconf 87' lang='lat' dir='ltr'><strong>ultimo</strong></span> <span class='ocrx_word' id='word_1_96' title='bbox 1661 1634 1871 1699; x_wconf 88' lang='lat' dir='ltr'><strong>mortis</strong></span> <span class='ocrx_word' id='word_1_97' title='bbox 1910 1641 2141 1785; x_wconf 42' lang='lat' dir='ltr'><strong>&amp;uncto</strong></span> <span class='ocrx_word' id='word_1_98' title='bbox 2170 1634 2207 1699; x_wconf 72' lang='grc' dir='ltr'>ὲ</span> <span class='ocrx_word' id='word_1_99' title='bbox 2236 1634 2489 1719; x_wconf 87' lang='lat' dir='ltr'><strong>peccatis</strong></span> <span class='ocrx_word' id='word_1_100' title='bbox 2519 1634 2798 1719; x_wconf 86' lang='lat' dir='ltr'><strong>expiaret,</strong></span> <span class='ocrx_word' id='word_1_101' title='bbox 2830 1632 3228 1719; x_wconf 87' lang='lat' dir='ltr'><strong>deprehensus</strong></span> <span class='ocrx_word' id='word_1_102' title='bbox 3256 1630 3301 1693; x_wconf 59' lang='lat' dir='ltr'><strong>a</strong></span> 
     </span>
     <span class='ocr_line' id='line_1_12' title="bbox 904 1719 3293 1806; baseline -0.001 -21"><span class='ocrx_word' id='word_1_103' title='bbox 904 1720 1082 1805; x_wconf 85' lang='lat' dir='ltr'><strong>regiis</strong></span> <span class='ocrx_word' id='word_1_104' title='bbox 1110 1719 1464 1786; x_wconf 83' lang='lat' dir='ltr'><strong>Corcacham</strong></span> <span class='ocrx_word' id='word_1_105' title='bbox 1499 1720 1779 1786; x_wconf 81' lang='lat' dir='ltr'><strong>defertur.</strong></span> <span class='ocrx_word' id='word_1_106' title='bbox 1868 1720 1915 1785; x_wconf 82' lang='grc' dir='ltr'><strong>Ῐ.</strong></span> <span class='ocrx_word' id='word_1_107' title='bbox 1970 1722 1993 1787; x_wconf 94' lang='lat' dir='ltr'><strong>i</strong></span> <span class='ocrx_word' id='word_1_108' title='bbox 2022 1743 2161 1785; x_wconf 91' lang='lat' dir='ltr'><strong>cum</strong></span> <span class='ocrx_word' id='word_1_109' title='bbox 2201 1721 2656 1805; x_wconf 85' lang='lat' dir='ltr'><strong>protestantium</strong></span> <span class='ocrx_word' id='word_1_110' title='bbox 2686 1720 2926 1806; x_wconf 80' lang='lat' dir='ltr'><strong>praemia</strong></span> <span class='ocrx_word' id='word_1_111' title='bbox 2952 1719 3293 1805; x_wconf 88' lang='lat' dir='ltr'><strong>respuisset,</strong></span> 
     </span>
     <span class='ocr_line' id='line_1_13' title="bbox 905 1806 3295 1895; baseline -0.001 -24"><span class='ocrx_word' id='word_1_112' title='bbox 905 1806 1044 1892; x_wconf 90' lang='lat' dir='ltr'><strong>equi</strong></span> <span class='ocrx_word' id='word_1_113' title='bbox 1069 1807 1259 1872; x_wconf 83' lang='lat' dir='ltr'><strong>cauda</strong></span> <span class='ocrx_word' id='word_1_114' title='bbox 1284 1829 1390 1892; x_wconf 89' lang='lat' dir='ltr'><strong>per</strong></span> <span class='ocrx_word' id='word_1_115' title='bbox 1417 1808 1578 1873; x_wconf 89' lang='lat' dir='ltr'><strong>vicos</strong></span> <span class='ocrx_word' id='word_1_116' title='bbox 1608 1814 1915 1887; x_wconf 86' lang='lat' dir='ltr'><strong>attractus,</strong></span> <span class='ocrx_word' id='word_1_117' title='bbox 1948 1807 2217 1893; x_wconf 86' lang='lat' dir='ltr'><strong>patibulo</strong></span> <span class='ocrx_word' id='word_1_118' title='bbox 2246 1829 2586 1895; x_wconf 74' lang='lat' dir='ltr'><strong>suspensae,</strong></span> <span class='ocrx_word' id='word_1_119' title='bbox 2607 1806 2967 1873; x_wconf 87' lang='lat' dir='ltr'><strong>semianimis</strong></span> <span class='ocrx_word' id='word_1_120' title='bbox 2994 1814 3210 1885; x_wconf 84' lang='lat' dir='ltr'><strong>sectus,</strong></span> <span class='ocrx_word' id='word_1_121' title='bbox 3232 1812 3295 1869; x_wconf 89' lang='lat' dir='ltr'><strong>et</strong></span> 
     </span>
     <span class='ocr_line' id='line_1_14' title="bbox 904 1891 3293 1981; baseline -0 -23"><span class='ocrx_word' id='word_1_122' title='bbox 904 1893 1202 1959; x_wconf 87' lang='lat' dir='ltr'><strong>intestinis</strong></span> <span class='ocrx_word' id='word_1_123' title='bbox 1249 1894 1584 1959; x_wconf 84' lang='lat' dir='ltr'><strong>exinanitus</strong></span> <span class='ocrx_word' id='word_1_124' title='bbox 1625 1895 1691 1959; x_wconf 90' lang='lat' dir='ltr'><strong>in</strong></span> <span class='ocrx_word' id='word_1_125' title='bbox 1740 1893 1997 1981; x_wconf 86' lang='lat' dir='ltr'><strong>publicis</strong></span> <span class='ocrx_word' id='word_1_126' title='bbox 2045 1895 2212 1974; x_wconf 87' lang='lat' dir='ltr'><strong>locis,</strong></span> <span class='ocrx_word' id='word_1_127' title='bbox 2244 1894 2413 1960; x_wconf 87' lang='lat' dir='ltr'><strong>triste</strong></span> <span class='ocrx_word' id='word_1_128' title='bbox 2438 1894 2758 1960; x_wconf 77' lang='lat' dir='ltr'><strong>Catholicis</strong></span> <span class='ocrx_word' id='word_1_129' title='bbox 2786 1892 3189 1978; x_wconf 71' lang='lat' dir='ltr'><strong>spectaculum</strong></span> <span class='ocrx_word' id='word_1_130' title='bbox 3218 1891 3293 1958; x_wconf 90' lang='lat' dir='ltr'><strong>ab</strong></span> 
     </span>
     <span class='ocr_line' id='line_1_15' title="bbox 906 1980 1492 2065; baseline 0.002 -21"><span class='ocrx_word' id='word_1_131' title='bbox 906 1980 1122 2065; x_wconf 81' lang='lat' dir='ltr'><strong>Anglis</strong></span> <span class='ocrx_word' id='word_1_132' title='bbox 1149 1980 1492 2046; x_wconf 86' lang='lat' dir='ltr'><strong>collocatur.</strong></span> 
     </span>
    </p>

    <p class='ocr_par' dir='ltr' id='par_1_4' title="bbox 901 2066 3297 2675">
     <span class='ocr_line' id='line_1_16' title="bbox 991 2066 3293 2153; baseline -0.001 -22"><span class='ocrx_word' id='word_1_133' title='bbox 991 2066 1140 2132; x_wconf 86' lang='lat' dir='ltr'><strong>Post</strong></span> <span class='ocrx_word' id='word_1_134' title='bbox 1167 2067 1322 2133; x_wconf 87' lang='lat' dir='ltr'><strong>hanc</strong></span> <span class='ocrx_word' id='word_1_135' title='bbox 1351 2068 1792 2133; x_wconf 86' lang='lat' dir='ltr'><strong>contentionem</strong></span> <span class='ocrx_word' id='word_1_136' title='bbox 1824 2068 2053 2153; x_wconf 85' lang='lat' dir='ltr'><strong>equites</strong></span> <span class='ocrx_word' id='word_1_137' title='bbox 2081 2068 2223 2133; x_wconf 85' lang='lat' dir='ltr'><strong>Mac</strong></span> <span class='ocrx_word' id='word_1_138' title='bbox 2250 2067 2507 2146; x_wconf 66' lang='lat' dir='ltr'><strong>Carrhae,</strong></span> <span class='ocrx_word' id='word_1_139' title='bbox 2554 2072 2617 2131; x_wconf 93' lang='lat' dir='ltr'><strong>et</strong></span> <span class='ocrx_word' id='word_1_140' title='bbox 2644 2068 2787 2132; x_wconf 88' lang='lat' dir='ltr'><strong>socii</strong></span> <span class='ocrx_word' id='word_1_141' title='bbox 2816 2087 2953 2133; x_wconf 89' lang='lat' dir='ltr'><strong>cum</strong></span> <span class='ocrx_word' id='word_1_142' title='bbox 2982 2066 3293 2153; x_wconf 88' lang='lat' dir='ltr'><strong>cognovis-</strong></span> 
     </span>
     <span class='ocr_line' id='line_1_17' title="bbox 905 2153 3297 2240; baseline 0 -23"><span class='ocrx_word' id='word_1_143' title='bbox 905 2164 1042 2218; x_wconf 85' lang='lat' dir='ltr'><strong>sent</strong></span> <span class='ocrx_word' id='word_1_144' title='bbox 1091 2153 1560 2219; x_wconf 84' lang='lat' dir='ltr'><strong>O&#39;Sullevanum</strong></span> <span class='ocrx_word' id='word_1_145' title='bbox 1612 2154 1793 2219; x_wconf 83' lang='lat' dir='ltr'><strong>fuisse</strong></span> <span class='ocrx_word' id='word_1_146' title='bbox 1842 2154 2103 2240; x_wconf 77' lang='lat' dir='ltr'><strong>pulsum,</strong></span> <span class='ocrx_word' id='word_1_147' title='bbox 2150 2156 2215 2219; x_wconf 90' lang='lat' dir='ltr'><strong>in</strong></span> <span class='ocrx_word' id='word_1_148' title='bbox 2259 2156 2482 2240; x_wconf 82' lang='lat' dir='ltr'><strong>reginae</strong></span> <span class='ocrx_word' id='word_1_149' title='bbox 2528 2153 2705 2219; x_wconf 87' lang='lat' dir='ltr'><strong>fidem</strong></span> <span class='ocrx_word' id='word_1_150' title='bbox 2750 2159 3042 2219; x_wconf 87' lang='lat' dir='ltr'><strong>venerunt</strong></span> <span class='ocrx_word' id='word_1_151' title='bbox 3081 2158 3297 2239; x_wconf 81' lang='lat' dir='ltr'><strong>praeter</strong></span> 
     </span>
     <span class='ocr_line' id='line_1_18' title="bbox 903 2238 3294 2327; baseline 0.001 -24"><span class='ocrx_word' id='word_1_152' title='bbox 903 2238 1228 2305; x_wconf 78' lang='lat' dir='ltr'><strong>Thadaeum</strong></span> <span class='ocrx_word' id='word_1_153' title='bbox 1259 2239 1697 2321; x_wconf 86' lang='lat' dir='ltr'><strong>O’Mahunum,</strong></span> <span class='ocrx_word' id='word_1_154' title='bbox 1728 2243 1831 2325; x_wconf 93' lang='lat' dir='ltr'><strong>qui</strong></span> <span class='ocrx_word' id='word_1_155' title='bbox 1860 2263 1967 2326; x_wconf 88' lang='lat' dir='ltr'><strong>per</strong></span> <span class='ocrx_word' id='word_1_156' title='bbox 1990 2240 2258 2306; x_wconf 78' lang='lat' dir='ltr'><strong>inducias</strong></span> <span class='ocrx_word' id='word_1_157' title='bbox 2300 2248 2510 2327; x_wconf 86' lang='lat' dir='ltr'><strong>captus</strong></span> <span class='ocrx_word' id='word_1_158' title='bbox 2547 2241 2739 2326; x_wconf 88' lang='lat' dir='ltr'><strong>capite</strong></span> <span class='ocrx_word' id='word_1_159' title='bbox 2764 2241 3067 2327; x_wconf 87' lang='lat' dir='ltr'><strong>plectitur.</strong></span> <span class='ocrx_word' id='word_1_160' title='bbox 3153 2240 3294 2305; x_wconf 79' lang='lat' dir='ltr'><strong>Mac</strong></span> 
     </span>
     <span class='ocr_line' id='line_1_19' title="bbox 907 2326 3293 2414; baseline 0 -24"><span class='ocrx_word' id='word_1_161' title='bbox 907 2326 1097 2391; x_wconf 87' lang='lat' dir='ltr'><strong>Moris</strong></span> <span class='ocrx_word' id='word_1_162' title='bbox 1125 2349 1232 2412; x_wconf 88' lang='lat' dir='ltr'><strong>per</strong></span> <span class='ocrx_word' id='word_1_163' title='bbox 1260 2326 1493 2392; x_wconf 86' lang='lat' dir='ltr'><strong>Vallem</strong></span> <span class='ocrx_word' id='word_1_164' title='bbox 1524 2327 1565 2392; x_wconf 89' lang='lat' dir='ltr'><strong>J</strong></span> <span class='ocrx_word' id='word_1_165' title='bbox 1569 2350 1869 2405; x_wconf 85' lang='lat' dir='ltr'><strong>uncosam,</strong></span> <span class='ocrx_word' id='word_1_166' title='bbox 1907 2326 2136 2411; x_wconf 87' lang='lat' dir='ltr'><strong>(Sliebh</strong></span> <span class='ocrx_word' id='word_1_167' title='bbox 2164 2327 2429 2411; x_wconf 84' lang='lat' dir='ltr'><strong>luachra)</strong></span> <span class='ocrx_word' id='word_1_168' title='bbox 2464 2335 2525 2393; x_wconf 93' lang='lat' dir='ltr'><strong>et</strong></span> <span class='ocrx_word' id='word_1_169' title='bbox 2554 2328 2849 2395; x_wconf 83' lang='lat' dir='ltr'><strong>Kierriam</strong></span> <span class='ocrx_word' id='word_1_170' title='bbox 2875 2328 3081 2414; x_wconf 83' lang='lat' dir='ltr'><strong>paucis</strong></span> <span class='ocrx_word' id='word_1_171' title='bbox 3110 2327 3293 2392; x_wconf 89' lang='lat' dir='ltr'><strong>comi-</strong></span> 
     </span>
     <span class='ocr_line' id='line_1_20' title="bbox 901 2413 3293 2501; baseline 0.001 -24"><span class='ocrx_word' id='word_1_172' title='bbox 901 2418 1064 2478; x_wconf 85' lang='lat' dir='ltr'><strong>tatus</strong></span> <span class='ocrx_word' id='word_1_173' title='bbox 1091 2414 1456 2497; x_wconf 86' lang='lat' dir='ltr'><strong>inquirentes</strong></span> <span class='ocrx_word' id='word_1_174' title='bbox 1485 2415 1682 2501; x_wconf 89' lang='lat' dir='ltr'><strong>regios</strong></span> <span class='ocrx_word' id='word_1_175' title='bbox 1711 2414 1930 2479; x_wconf 60' lang='lat' dir='ltr'><strong>milites</strong></span> <span class='ocrx_word' id='word_1_176' title='bbox 1959 2414 2214 2500; x_wconf 79' lang='lat' dir='ltr'><strong>fugienS,</strong></span> <span class='ocrx_word' id='word_1_177' title='bbox 2244 2421 2304 2479; x_wconf 87' lang='lat' dir='ltr'><strong>et</strong></span> <span class='ocrx_word' id='word_1_178' title='bbox 2332 2413 2548 2500; x_wconf 82' lang='lat' dir='ltr'><strong>Anglis</strong></span> <span class='ocrx_word' id='word_1_179' title='bbox 2598 2415 2883 2481; x_wconf 88' lang='lat' dir='ltr'><strong>damnum</strong></span> <span class='ocrx_word' id='word_1_180' title='bbox 2908 2414 3168 2479; x_wconf 77' lang='lat' dir='ltr'><strong>inferens</strong></span> <span class='ocrx_word' id='word_1_181' title='bbox 3196 2414 3293 2479; x_wconf 79' lang='lat' dir='ltr'><strong>vix</strong></span> 
     </span>
     <span class='ocr_line' id='line_1_21' title="bbox 905 2500 3295 2591; baseline 0 -27"><span class='ocrx_word' id='word_1_182' title='bbox 905 2501 990 2564; x_wconf 91' lang='lat' dir='ltr'><strong>im</strong></span> <span class='ocrx_word' id='word_1_183' title='bbox 1029 2500 1342 2581; x_wconf 83' lang='lat' dir='ltr'><strong>unitatem,</strong></span> <span class='ocrx_word' id='word_1_184' title='bbox 1393 2500 1830 2588; x_wconf 85' lang='lat' dir='ltr'><strong>baronatusque</strong></span> <span class='ocrx_word' id='word_1_185' title='bbox 1880 2502 2316 2567; x_wconf 86' lang='lat' dir='ltr'><strong>restitutionem</strong></span> <span class='ocrx_word' id='word_1_186' title='bbox 2342 2502 2639 2591; x_wconf 82' lang='lat' dir='ltr'><strong>impetrat.</strong></span> <span class='ocrx_word' id='word_1_187' title='bbox 2728 2501 2828 2567; x_wconf 85' lang='lat' dir='ltr'><strong>Ita</strong></span> <span class='ocrx_word' id='word_1_188' title='bbox 2856 2501 3295 2568; x_wconf 87' lang='lat' dir='ltr'><strong>Momoniarum</strong></span> 
     </span>
     <span class='ocr_line' id='line_1_22' title="bbox 903 2585 1466 2675; baseline 0.004 -23"><span class='ocrx_word' id='word_1_189' title='bbox 903 2585 978 2652; x_wconf 91' lang='lat' dir='ltr'><strong>be</strong></span> <span class='ocrx_word' id='word_1_190' title='bbox 1023 2609 1128 2652; x_wconf 89' lang='lat' dir='ltr'><strong>um</strong></span> <span class='ocrx_word' id='word_1_191' title='bbox 1155 2590 1466 2675; x_wconf 71' lang='lat' dir='ltr'><strong>pacaturt*</strong></span> 
     </span>
    </p>
   </div>
   <div class='ocr_carea' id='block_1_3' title="bbox 1667 2810 1966 2819">
    <p class='ocr_par' dir='ltr' id='par_1_5' title="bbox 1667 2810 1966 2819">
     <span class='ocr_line' id='line_1_23' title="bbox 1667 2810 1966 2819; baseline 0 -3"><span class='ocrx_word' id='word_1_192' title='bbox 1667 2810 1966 2819; x_wconf 76' lang='lat'><em>———-—-————--</em></span> 
     </span>
    </p>
   </div>
   <div class='ocr_carea' id='block_1_4' title="bbox 1912 3009 2329 3075">
    <p class='ocr_par' dir='ltr' id='par_1_6' title="bbox 1912 3009 2329 3075">
     <span class='ocr_line' id='line_1_24' title="bbox 1912 3009 2329 3075; baseline 0 0"><span class='ocrx_word' id='word_1_193' title='bbox 1912 3010 2091 3075; x_wconf 86' lang='lat' dir='ltr'><strong>CAP.</strong></span> <span class='ocrx_word' id='word_1_194' title='bbox 2136 3009 2329 3075; x_wconf 86' lang='lat' dir='ltr'><strong>VIII.</strong></span> 
     </span>
    </p>
   </div>
   <div class='ocr_carea' id='block_1_5' title="bbox 913 3221 3293 3352">
    <p class='ocr_par' dir='ltr' id='par_1_7' title="bbox 913 3221 3293 3352">
     <span class='ocr_line' id='line_1_25' title="bbox 913 3221 3293 3350; baseline 0 -72"><span class='ocrx_word' id='word_1_195' title='bbox 913 3221 1266 3278; x_wconf 80' lang='lat' dir='ltr'><strong>O&#39;Sullevani</strong></span> <span class='ocrx_word' id='word_1_196' title='bbox 1293 3239 1450 3277; x_wconf 83' lang='lat' dir='ltr'><strong>casus</strong></span> <span class='ocrx_word' id='word_1_197' title='bbox 1473 3224 1632 3287; x_wconf 79' lang='lat' dir='ltr'><strong>varii,</strong></span> <span class='ocrx_word' id='word_1_198' title='bbox 1658 3232 1714 3279; x_wconf 86' lang='lat' dir='ltr'><strong>et</strong></span> <span class='ocrx_word' id='word_1_199' title='bbox 1749 3243 1944 3297; x_wconf 81' lang='lat' dir='ltr'><strong>pugnae</strong></span> <span class='ocrx_word' id='word_1_200' title='bbox 1986 3243 2125 3350; x_wconf 59' lang='lat' dir='ltr'><strong>peine</strong></span> <span class='ocrx_word' id='word_1_201' title='bbox 2166 3227 2492 3298; x_wconf 86' lang='lat' dir='ltr'><strong>quotidianae</strong></span> <span class='ocrx_word' id='word_1_202' title='bbox 2529 3246 2627 3299; x_wconf 82' lang='lat' dir='ltr'><strong>per</strong></span> <span class='ocrx_word' id='word_1_203' title='bbox 2670 3237 2875 3300; x_wconf 85' lang='lat' dir='ltr'><strong>septem</strong></span> <span class='ocrx_word' id='word_1_204' title='bbox 2912 3227 3118 3298; x_wconf 86' lang='lat' dir='ltr'><strong>primos</strong></span> <span class='ocrx_word' id='word_1_205' title='bbox 3152 3226 3293 3299; x_wconf 77' lang='lat' dir='ltr'><strong>fugae</strong></span> 
     </span>
     <span class='ocr_line' id='line_1_26' title="bbox 1880 3314 2161 3352; baseline 0.011 -3"><span class='ocrx_word' id='word_1_206' title='bbox 1880 3315 1887 3322; x_wconf 92' lang='lat'><strong>·</strong></span> <span class='ocrx_word' id='word_1_207' title='bbox 2070 3314 2161 3352; x_wconf 74' lang='lat' dir='ltr'><strong>ies.</strong></span> 
     </span>
    </p>
   </div>
   <div class='ocr_carea' id='block_1_6' title="bbox 707 3482 3295 4599">
    <p class='ocr_par' dir='ltr' id='par_1_8' title="bbox 707 3482 3295 4529">
     <span class='ocr_line' id='line_1_27' title="bbox 905 3482 3291 3575; baseline 0.001 -24"><span class='ocrx_word' id='word_1_208' title='bbox 905 3486 1102 3551; x_wconf 70' lang='lat' dir='ltr'><strong>Nunc</strong></span> <span class='ocrx_word' id='word_1_209' title='bbox 1132 3482 1564 3549; x_wconf 83' lang='lat' dir='ltr'><strong>O’Sullevanus</strong></span> <span class='ocrx_word' id='word_1_210' title='bbox 1595 3482 1857 3549; x_wconf 90' lang='lat' dir='ltr'><strong>hostium</strong></span> <span class='ocrx_word' id='word_1_211' title='bbox 1886 3507 2099 3551; x_wconf 86' lang='lat' dir='ltr'><strong>manus</strong></span> <span class='ocrx_word' id='word_1_212' title='bbox 2128 3485 2384 3572; x_wconf 80' lang='lat' dir='ltr'><strong>fugiens,</strong></span> <span class='ocrx_word' id='word_1_213' title='bbox 2403 3508 2553 3575; x_wconf 88' lang='lat' dir='ltr'><strong>quos</strong></span> <span class='ocrx_word' id='word_1_214' title='bbox 2572 3486 2775 3553; x_wconf 89' lang='lat' dir='ltr'><strong>tulerit</strong></span> <span class='ocrx_word' id='word_1_215' title='bbox 2804 3510 2994 3568; x_wconf 86' lang='lat' dir='ltr'><strong>casus,</strong></span> <span class='ocrx_word' id='word_1_216' title='bbox 3025 3494 3087 3553; x_wconf 92' lang='lat' dir='ltr'><strong>et</strong></span> <span class='ocrx_word' id='word_1_217' title='bbox 3115 3510 3291 3575; x_wconf 87' lang='lat' dir='ltr'><strong>quam</strong></span> 
     </span>
     <span class='ocr_line' id='line_1_28' title="bbox 905 3571 3293 3662; baseline -0 -22"><span class='ocrx_word' id='word_1_218' title='bbox 905 3572 1285 3659; x_wconf 89' lang='lat' dir='ltr'><strong>periculosos,</strong></span> <span class='ocrx_word' id='word_1_219' title='bbox 1339 3571 1673 3658; x_wconf 87' lang='lat' dir='ltr'><strong>arduosque</strong></span> <span class='ocrx_word' id='word_1_220' title='bbox 1715 3572 2041 3637; x_wconf 85' lang='lat' dir='ltr'><strong>videamus.</strong></span> <span class='ocrx_word' id='word_1_221' title='bbox 2128 3572 2256 3639; x_wconf 88' lang='lat' dir='ltr'><strong>Iter</strong></span> <span class='ocrx_word' id='word_1_222' title='bbox 2304 3573 2393 3639; x_wconf 94' lang='lat' dir='ltr'><strong>illi</strong></span> <span class='ocrx_word' id='word_1_223' title='bbox 2442 3575 2843 3661; x_wconf 88' lang='lat' dir='ltr'><strong>superandum</strong></span> <span class='ocrx_word' id='word_1_224' title='bbox 2892 3576 3144 3662; x_wconf 89' lang='lat' dir='ltr'><strong>longum</strong></span> <span class='ocrx_word' id='word_1_225' title='bbox 3172 3584 3293 3641; x_wconf 85' lang='lat' dir='ltr'><strong>erat</strong></span> 
     </span>
     <span class='ocr_line' id='line_1_29' title="bbox 905 3659 3289 3749; baseline 0.001 -24"><span class='ocrx_word' id='word_1_226' title='bbox 905 3660 1206 3725; x_wconf 88' lang='lat' dir='ltr'><strong>leucarum</strong></span> <span class='ocrx_word' id='word_1_227' title='bbox 1236 3659 1467 3723; x_wconf 85' lang='lat' dir='ltr'><strong>circiter</strong></span> <span class='ocrx_word' id='word_1_228' title='bbox 1499 3666 1743 3724; x_wconf 87' lang='lat' dir='ltr'><strong>centum</strong></span> <span class='ocrx_word' id='word_1_229' title='bbox 1769 3686 1784 3725; x_wconf 76' lang='lat' dir='ltr'><strong><em>z</em></strong></span> <span class='ocrx_word' id='word_1_230' title='bbox 1832 3662 2067 3745; x_wconf 82' lang='lat' dir='ltr'><strong>tem‘pus</strong></span> <span class='ocrx_word' id='word_1_231' title='bbox 2094 3660 2706 3727; x_wconf 88' lang='lat' dir='ltr'><strong>incommodissimum</strong></span> <span class='ocrx_word' id='word_1_232' title='bbox 2726 3660 3095 3749; x_wconf 86' lang='lat' dir='ltr'><strong>hybernum:</strong></span> <span class='ocrx_word' id='word_1_233' title='bbox 3138 3662 3289 3727; x_wconf 89' lang='lat' dir='ltr'><strong>mili-</strong></span> 
     </span>
     <span class='ocr_line' id='line_1_30' title="bbox 905 3745 3289 3836; baseline 0 -24"><span class='ocrx_word' id='word_1_234' title='bbox 905 3754 998 3812; x_wconf 85' lang='lat' dir='ltr'><strong>tes</strong></span> <span class='ocrx_word' id='word_1_235' title='bbox 1047 3746 1223 3832; x_wconf 84' lang='lat' dir='ltr'><strong>pauci</strong></span> <span class='ocrx_word' id='word_1_236' title='bbox 1269 3745 1838 3831; x_wconf 84' lang='lat' dir='ltr'><strong>quadringentorum</strong></span> <span class='ocrx_word' id='word_1_237' title='bbox 1886 3768 2203 3812; x_wconf 88' lang='lat' dir='ltr'><strong>numerum</strong></span> <span class='ocrx_word' id='word_1_238' title='bbox 2253 3770 2376 3813; x_wconf 91' lang='lat' dir='ltr'><strong>non</strong></span> <span class='ocrx_word' id='word_1_239' title='bbox 2434 3749 2756 3834; x_wconf 81' lang='lat' dir='ltr'><strong>explentes,</strong></span> <span class='ocrx_word' id='word_1_240' title='bbox 2816 3769 3071 3836; x_wconf 88' lang='lat' dir='ltr'><strong>quorum</strong></span> <span class='ocrx_word' id='word_1_241' title='bbox 3128 3754 3289 3815; x_wconf 82' lang='lat' dir='ltr'><strong>erant</strong></span> 
     </span>
     <span class='ocr_line' id='line_1_31' title="bbox 907 3831 3287 3923; baseline 0 -24"><span class='ocrx_word' id='word_1_242' title='bbox 907 3834 1134 3919; x_wconf 86' lang='lat' dir='ltr'><strong>equites</strong></span> <span class='ocrx_word' id='word_1_243' title='bbox 1164 3831 1464 3911; x_wconf 85' lang='lat' dir='ltr'><strong>tredecim,</strong></span> <span class='ocrx_word' id='word_1_244' title='bbox 1497 3833 1694 3901; x_wconf 79' lang='lat' dir='ltr'><strong>caeteri</strong></span> <span class='ocrx_word' id='word_1_245' title='bbox 1742 3833 1976 3919; x_wconf 88' lang='lat' dir='ltr'><strong>pedites</strong></span> <span class='ocrx_word' id='word_1_246' title='bbox 2026 3834 2263 3913; x_wconf 82' lang='lat' dir='ltr'><strong>hastati,</strong></span> <span class='ocrx_word' id='word_1_247' title='bbox 2293 3842 2354 3900; x_wconf 92' lang='lat' dir='ltr'><strong>et</strong></span> <span class='ocrx_word' id='word_1_248' title='bbox 2382 3836 2695 3921; x_wconf 85' lang='lat' dir='ltr'><strong>sclopistae,</strong></span> <span class='ocrx_word' id='word_1_249' title='bbox 2724 3838 3017 3923; x_wconf 82' lang='lat' dir='ltr'><strong>paucique</strong></span> <span class='ocrx_word' id='word_1_250' title='bbox 3088 3835 3247 3901; x_wconf 88' lang='lat' dir='ltr'><strong>eltati</strong></span> <span class='ocrx_word' id='word_1_251' title='bbox 3273 3862 3287 3900; x_wconf 90' lang='lat'>:</span> 
     </span>
     <span class='ocr_line' id='line_1_32' title="bbox 907 3918 3289 4007; baseline 0 -21"><span class='ocrx_word' id='word_1_252' title='bbox 907 3920 1301 3997; x_wconf 83' lang='lat' dir='ltr'><strong>foeminarum,</strong></span> <span class='ocrx_word' id='word_1_253' title='bbox 1348 3926 1526 4005; x_wconf 89' lang='lat' dir='ltr'><strong>atque</strong></span> <span class='ocrx_word' id='word_1_254' title='bbox 1575 3918 1851 3985; x_wconf 86' lang='lat' dir='ltr'><strong>calonum</strong></span> <span class='ocrx_word' id='word_1_255' title='bbox 1891 3920 2079 4007; x_wconf 87' lang='lat' dir='ltr'><strong>major</strong></span> <span class='ocrx_word' id='word_1_256' title='bbox 2108 3920 2299 3987; x_wconf 86' lang='lat' dir='ltr'><strong>turba.</strong></span> <span class='ocrx_word' id='word_1_257' title='bbox 2386 3921 2521 3987; x_wconf 77' lang='lat' dir='ltr'><strong>Viae</strong></span> <span class='ocrx_word' id='word_1_258' title='bbox 2548 3946 2753 3988; x_wconf 90' lang='lat' dir='ltr'><strong>omnes</strong></span> <span class='ocrx_word' id='word_1_259' title='bbox 2782 3922 2856 3988; x_wconf 90' lang='lat' dir='ltr'><strong>ab</strong></span> <span class='ocrx_word' id='word_1_260' title='bbox 2885 3923 3045 3989; x_wconf 87' lang='lat' dir='ltr'><strong>hosti</strong></span> <span class='ocrx_word' id='word_1_261' title='bbox 3090 3945 3160 3987; x_wconf 88' lang='lat' dir='ltr'><strong>us</strong></span> <span class='ocrx_word' id='word_1_262' title='bbox 3187 3922 3289 3987; x_wconf 87' lang='lat' dir='ltr'><strong>ob-</strong></span> 
     </span>
     <span class='ocr_line' id='line_1_33' title="bbox 909 4006 3289 4093; baseline 0 -20"><span class='ocrx_word' id='word_1_263' title='bbox 909 4030 1119 4088; x_wconf 78' lang='lat' dir='ltr'><strong>sessae3</strong></span> <span class='ocrx_word' id='word_1_264' title='bbox 1172 4008 1401 4092; x_wconf 85' lang='lat' dir='ltr'><strong>argenti</strong></span> <span class='ocrx_word' id='word_1_265' title='bbox 1430 4029 1715 4091; x_wconf 86' lang='lat' dir='ltr'><strong>magnum</strong></span> <span class='ocrx_word' id='word_1_266' title='bbox 1743 4006 1981 4093; x_wconf 86' lang='lat' dir='ltr'><strong>pondus</strong></span> <span class='ocrx_word' id='word_1_267' title='bbox 2009 4008 2030 4072; x_wconf 92' lang='lat' dir='ltr'><strong>i</strong></span> <span class='ocrx_word' id='word_1_268' title='bbox 2074 4009 2197 4073; x_wconf 88' lang='lat' dir='ltr'><strong>sius</strong></span> <span class='ocrx_word' id='word_1_269' title='bbox 2226 4009 2586 4075; x_wconf 78' lang='lat' dir='ltr'><strong>interfectori</strong></span> <span class='ocrx_word' id='word_1_270' title='bbox 2612 4012 3027 4076; x_wconf 87' lang='lat' dir='ltr'><strong>constitutum.</strong></span> <span class='ocrx_word' id='word_1_271' title='bbox 3114 4008 3289 4074; x_wconf 91' lang='lat' dir='ltr'><strong>Unde</strong></span> 
     </span>
     <span class='ocr_line' id='line_1_34' title="bbox 909 4030 3289 4183; baseline 0 -23"><span class='ocrx_word' id='word_1_272' title='bbox 909 4096 1180 4161; x_wconf 85' lang='lat' dir='ltr'><strong>effectum</strong></span> <span class='ocrx_word' id='word_1_273' title='bbox 1212 4097 1321 4172; x_wconf 87' lang='lat' dir='ltr'><strong>est,</strong></span> <span class='ocrx_word' id='word_1_274' title='bbox 1352 4098 1422 4157; x_wconf 87' lang='lat' dir='ltr'><strong>ut</strong></span> <span class='ocrx_word' id='word_1_275' title='bbox 1469 4090 1700 4159; x_wconf 86' lang='lat' dir='ltr'><strong>labores</strong></span> <span class='ocrx_word' id='word_1_276' title='bbox 1728 4094 1829 4159; x_wconf 85' lang='lat' dir='ltr'><strong>vix</strong></span> <span class='ocrx_word' id='word_1_277' title='bbox 1874 4030 2183 4159; x_wconf 58' lang='lat' dir='ltr'><strong>credibiles</strong></span> <span class='ocrx_word' id='word_1_278' title='bbox 2230 4096 2537 4182; x_wconf 88' lang='lat' dir='ltr'><strong>pertulerit</strong></span> <span class='ocrx_word' id='word_1_279' title='bbox 2565 4118 2913 4183; x_wconf 90' lang='lat' dir='ltr'><strong>summaque</strong></span> <span class='ocrx_word' id='word_1_280' title='bbox 2955 4094 3289 4162; x_wconf 84' lang='lat' dir='ltr'><strong>discrimina</strong></span> 
     </span>
     <span class='ocr_line' id='line_1_35' title="bbox 908 4178 3287 4250; baseline 0 -3"><span class='ocrx_word' id='word_1_281' title='bbox 908 4180 1136 4247; x_wconf 87' lang='lat' dir='ltr'><strong>adierit.</strong></span> <span class='ocrx_word' id='word_1_282' title='bbox 1187 4178 1353 4250; x_wconf 79' lang='lat' dir='ltr'><strong>Quas</strong></span> <span class='ocrx_word' id='word_1_283' title='bbox 1400 4202 1493 4245; x_wconf 84' lang='lat' dir='ltr'><strong>res</strong></span> <span class='ocrx_word' id='word_1_284' title='bbox 1521 4180 1728 4245; x_wconf 87' lang='lat' dir='ltr'><strong>ordine</strong></span> <span class='ocrx_word' id='word_1_285' title='bbox 1777 4202 1885 4245; x_wconf 91' lang='lat' dir='ltr'><strong>suo</strong></span> <span class='ocrx_word' id='word_1_286' title='bbox 1930 4179 2186 4246; x_wconf 83' lang='lat' dir='ltr'><strong>breviter</strong></span> <span class='ocrx_word' id='word_1_287' title='bbox 2228 4205 2455 4248; x_wconf 74' lang='lat' dir='ltr'><strong>enarro.</strong></span> <span class='ocrx_word' id='word_1_288' title='bbox 2543 4185 2724 4249; x_wconf 85' lang='lat' dir='ltr'><strong>Anno</strong></span> <span class='ocrx_word' id='word_1_289' title='bbox 2753 4184 2949 4249; x_wconf 88' lang='lat' dir='ltr'><strong>redem</strong></span> <span class='ocrx_word' id='word_1_290' title='bbox 2992 4185 3139 4249; x_wconf 87' lang='lat' dir='ltr'><strong>toris</strong></span> <span class='ocrx_word' id='word_1_291' title='bbox 3166 4183 3287 4249; x_wconf 80' lang='lat' dir='ltr'><strong>nati</strong></span> 
     </span>
     <span class='ocr_line' id='line_1_36' title="bbox 907 4266 3291 4353; baseline -0 -19"><span class='ocrx_word' id='word_1_292' title='bbox 907 4268 1218 4334; x_wconf 89' lang='lat' dir='ltr'><strong>millesimo</strong></span> <span class='ocrx_word' id='word_1_293' title='bbox 1247 4267 1670 4331; x_wconf 85' lang='lat' dir='ltr'><strong>sexcentesimo</strong></span> <span class='ocrx_word' id='word_1_294' title='bbox 1699 4266 1958 4333; x_wconf 87' lang='lat' dir='ltr'><strong>secundo</strong></span> <span class='ocrx_word' id='word_1_295' title='bbox 1986 4268 2177 4353; x_wconf 85' lang='lat' dir='ltr'><strong>pridie</strong></span> <span class='ocrx_word' id='word_1_296' title='bbox 2205 4268 2506 4335; x_wconf 79' lang='lat' dir='ltr'><strong>Kalendas</strong></span> <span class='ocrx_word' id='word_1_297' title='bbox 2522 4270 2566 4335; x_wconf 87' lang='lat' dir='ltr'><strong>J</strong></span> <span class='ocrx_word' id='word_1_298' title='bbox 2566 4271 2833 4336; x_wconf 83' lang='lat' dir='ltr'><strong>annarias</strong></span> <span class='ocrx_word' id='word_1_299' title='bbox 2861 4270 2937 4336; x_wconf 88' lang='lat' dir='ltr'><strong>O&#39;</strong></span> <span class='ocrx_word' id='word_1_300' title='bbox 3074 4292 3291 4335; x_wconf 78' lang='lat' dir='ltr'><strong>evenus</strong></span> 
     </span>
     <span class='ocr_line' id='line_1_37' title="bbox 707 4352 3295 4529; baseline 0.001 -22"><span class='ocrx_word' id='word_1_301' title='bbox 707 4380 887 4451; x_wconf 53' lang='lat'>[¹⁸⁹³</span> <span class='ocrx_word' id='word_1_302' title='bbox 910 4352 3295 4529; x_wconf 52' lang='lat' dir='ltr'><strong>{3133{rssfflavffssussnmffflfflirffffiignissssfffflifflffiffimffl?</strong></span> 
     </span>
     <span class='ocr_line' id='line_1_38' title="bbox 1560 4484 3290 4524; baseline -0.014 -4"><span class='ocrx_word' id='word_1_303' title='bbox 1560 4489 1581 4520; x_wconf 73' lang='lat'><em>5</em></span> <span class='ocrx_word' id='word_1_304' title='bbox 2688 4494 2708 4524; x_wconf 64' lang='lat'><em>9</em></span> <span class='ocrx_word' id='word_1_305' title='bbox 3270 4484 3290 4495; x_wconf 91' lang='grc'><strong>..</strong></span> 
     </span>
    </p>

    <p class='ocr_par' dir='ltr' id='par_1_9' title="bbox 907 4526 3289 4599">
     <span class='ocr_line' id='line_1_39' title="bbox 907 4526 3289 4599; baseline 0.001 -4"><span class='ocrx_word' id='word_1_306' title='bbox 907 4528 1057 4595; x_wconf 83' lang='lat' dir='ltr'><strong>toria</strong></span> <span class='ocrx_word' id='word_1_307' title='bbox 1113 4528 1380 4595; x_wconf 86' lang='lat' dir='ltr'><strong>collocat.</strong></span> <span class='ocrx_word' id='word_1_308' title='bbox 1469 4526 1716 4595; x_wconf 86' lang='lat' dir='ltr'><strong>Postero</strong></span> <span class='ocrx_word' id='word_1_309' title='bbox 1803 4526 1899 4594; x_wconf 90' lang='lat' dir='ltr'><strong>die</strong></span> <span class='ocrx_word' id='word_1_310' title='bbox 1986 4528 2274 4597; x_wconf 85' lang='lat' dir='ltr'><strong>Kalendis</strong></span> <span class='ocrx_word' id='word_1_311' title='bbox 2358 4530 2663 4599; x_wconf 80' lang='lat' dir='ltr'><strong>Januariis</strong></span> <span class='ocrx_word' id='word_1_312' title='bbox 2746 4554 2904 4599; x_wconf 86' lang='lat' dir='ltr'><strong>anuo</strong></span> <span class='ocrx_word' id='word_1_313' title='bbox 2976 4530 3289 4598; x_wconf 85' lang='lat' dir='ltr'><strong>millesimo</strong></span> 
     </span>
    </p>
   </div>
   <div class='ocr_carea' id='block_1_7' title="bbox 941 4742 1859 4813">
    <p class='ocr_par' dir='ltr' id='par_1_10' title="bbox 941 4742 1859 4813">
     <span class='ocr_line' id='line_1_40' title="bbox 941 4742 1859 4813; baseline 0 -16"><span class='ocrx_word' id='word_1_314' title='bbox 941 4746 1004 4783; x_wconf 89' lang='lat'><strong>··</strong></span> <span class='ocrx_word' id='word_1_315' title='bbox 1043 4742 1246 4798; x_wconf 65' lang='lat' dir='ltr'><strong>Pacata</strong></span> <span class='ocrx_word' id='word_1_316' title='bbox 1273 4742 1546 4806; x_wconf 64' lang='lat' dir='ltr'><strong>Hibe-mia,</strong></span> <span class='ocrx_word' id='word_1_317' title='bbox 1571 4742 1626 4796; x_wconf 85' lang='lat' dir='ltr'><strong>ii.</strong></span> <span class='ocrx_word' id='word_1_318' title='bbox 1655 4760 1709 4813; x_wconf 84' lang='lat' dir='ltr'><strong>p.</strong></span> <span class='ocrx_word' id='word_1_319' title='bbox 1737 4744 1859 4797; x_wconf 82' lang='lat'><strong>680.</strong></span> 
     </span>
    </p>
   </div>
  </div>
 </body>
</html>
