3634 5842
386 778 522 822 car.
568 755 748 841 vnn]
1073 776 1158 825 ou
1203 777 1406 823 sunno
1449 778 1819 829 uuiunncm
1864 778 2205 825 Annontm.
2653 760 2777 821 205

385 929 722 995 dimicatur.
807 928 1000 995 Huon
1049 929 1240 995 hostis
1281 931 1404 996 alas
1431 930 1506 995 ad
1535 930 1774 1015 agmina
1816 929 1973 1015 saepe
2002 930 2323 1015 compellit,
2352 931 2563 997 itidem
2592 932 2783 997 hostis

383 1016 770 1083 multitudine
819 1016 1114 1101 repulsus.
1203 1016 1532 1083 Urmonius
1560 1040 1632 1082 eo
1661 1016 1756 1081 die
1785 1016 2005 1081 milites
2048 1024 2357 1083 sexcentos
2387 1020 2605 1098 amisit,
2638 1040 2785 1105 quo·

383 1126 815 1255 'dmm‘
828 1102 1090 1254 iffi?
1127 1103 2787 1257 &ffinffissssssbi'ffiffs‘L‘Zeissfffflssffiiffffaffiuffoss

385 1276 526 1342 verb
553 1276 621 1341 in
647 1275 903 1363 publicis
931 1276 1076 1341 locis
1097 1278 1452 1363 spectandos
1479 1214 1827 1343 collocargrdi.
1915 1276 2209 1343 Catholici
2238 1242 2558 1365 sexaginta,
2575 1300 2787 1344 succu-

386 1362 688 1429 buerunt:
733 1363 965 1439 circiter
985 1365 1290 1449 octoginta
1310 1370 1452 1429 sunt
1479 1363 1828 1429 vulneribus
1856 1364 2071 1429 affecti.
2158 1364 2489 1430 Urmonius
2515 1366 2789 1430 multitu-

388 1450 528 1515 dine
571 1450 832 1515 militum
877 1451 992 1515 iter
1042 1452 1342 1515 sustinens
1391 1452 1458 1515 in
1501 1472 1694 1515 arcem
1723 1457 2119 1515 commeatum
2150 1451 2377 1519 intulit.
2464 1452 2787 1530 Cathirius,

387 1537 730 1616 Mauritius,
762 1544 822 1601 et
869 1536 907 1600 J
913 1537 1176 1602 ohannes
1211 1536 1679 1602 O’conchures*
1727 1537 1949 1623 Iphalii
1990 1537 2221 1623 equites
2248 1560 2387 1603 cum
2416 1546 2659 1605 centum
2686 1560 2789 1624 pe-

390 1623 618 1689 ditibus
646 1623 969 1709 improvisb
999 1624 1171 1689 scalis
1201 1624 1502 1689 altissimis
1533 1623 1788 1689 admotis
1817 1623 2236 1689 Cruochanum
2266 1625 2597 1705 castellum,
2626 1624 2791 1711 quod

388 1712 458 1777 in
485 1710 680 1776 Ihalia
723 1709 1063 1795 principatu
1107 1710 1368 1775 Thomas
1417 1710 1634 1778 Morus
1659 1730 1843 1795 eques
1870 1710 2159 1790 Auratus,
2189 1719 2251 1777 et
2280 1712 2574 1777 Siffiirdus
2601 1711 2793 1798 Angli

433 1797 668 1863 raesidio
717 1796 1022 1875 tenebant,
1075 1796 1428 1876 ascendunt,
1475 1802 1536 1862 et
1585 1797 2132 1883 propugnatoribus
2184 1799 2392 1863 occisis
2421 1808 2791 1886 expugnant.

389 1820 625 1949 llursus
675 1905 874 1949 comes
923 1883 1250 1949 Vrmonius
1293 1884 1444 1969 regii
1487 1884 1780 1949 exercitus
1826 1885 2164 1971 imperator,
2196 1892 2259 1950 et
2288 1885 2477 1951 Huon
2506 1884 2793 1951 O'Morra

392 1978 644 2057 uterque
671 1971 738 2035 in
764 1970 1006 2037 alterius
1035 1976 1419 2055 conspectum
1449 1970 1650 2056 copias
1677 1970 2017 2056 perducit.†
2102 1971 2252 2037 Erat
2271 1978 2419 2037 tunc
2436 1996 2473 2037 a
2512 1973 2597 2037 ud
2618 1972 2792 2037 Huc·

393 2080 532 2122 nem
579 2067 748 2143 pater
797 2056 841 2123 J
841 2057 1064 2123 acobus
1113 2058 1416 2122 Archerus
1461 2056 1495 2121 ὸ
1545 2058 1841 2123 Societate
1871 2057 1909 2121 J
1912 2080 2039 2136 esu,
2068 2057 2327 2125 Ibernus
2354 2059 2445 2125 vir
2522 2060 2793 2125 atholicae

392 2144 694 2230 religionis
744 2166 838 2209 am
880 2143 1169 2209 lificandae
1219 2144 1709 2224 studiosissimus,
1761 2145 2123 2243 perindeque
2174 2144 2411 2211 hoeresis
2457 2146 2649 2212 hostis
2694 2169 2790 2211 ac-

394 2231 696 2310 cerrimus,
727 2236 788 2295 et
817 2254 854 2295 o
923 2230 988 2295 id
1019 2230 1092 2296 ab
1123 2231 1340 2315 Anglis
1391 2230 1530 2296 odio
1579 2230 1925 2317 inexpiabili
1966 2230 2247 2311 habitus3
2334 2232 2513 2319 uippe
2544 2233 2647 2319 qui
2674 2234 2794 2319 pri·

391 2340 560 2383 mum
611 2316 892 2394 O’Neuo,
948 2318 1162 2382 deinde
1215 2316 1447 2398 Huoni,
1481 2316 1722 2383 tandem
1752 2316 2171 2397 O'Sullevano,
2204 2341 2237 2383 e
2292 2254 2343 2384 ᾖ

392 2428 574 2491 prava
623 2403 901 2490 dogmata
951 2402 1457 2491 oppugnantibuS‚
1509 2427 1619 2470 suo
1669 2404 1890 2484 studia,
1922 2405 2190 2483 consili0,
2235 2408 2461 2491 suaqne
2507 2407 2704 2493 operss,
2735 2412 2797 2471 et

392 2492 693 2573 industria
738 2489 986 2556 minime
1036 2491 1245 2570 defuit,
1277 2514 1345 2556 ac
1375 2492 1485 2556 sua
1513 2492 1690 2555 etiam
1719 2491 2081 2557 authoritate
2109 2491 2551 2558 Catholioorum
2580 2515 2797 2579 agmen

395 2600 617 2663 cogens
667 2598 806 2641 cum
837 2576 1136 2641 haereticis
1165 2577 1338 2661 signa
1365 2574 1771 2663 saepenumerb
1812 2577 2089 2643 contulit.
2180 2578 2303 2643 Hic
2331 2578 2641 2665 religiosus
2670 2601 2797 2644 mo-

393 2672 496 2729 tus
526 2686 631 2749 spe
659 2662 986 2727 reducendi
1015 2662 1379 2728 Urmonium
1409 2662 1482 2727 ad
1514 2686 1716 2728 sanam
1734 2670 1997 2729 mentem
2025 2664 2197 2751 petit,
2216 2671 2288 2728 ut
2314 2665 2490 2730 liceat
2518 2665 2799 2752 colloqui.

401 2748 798 2835 Colloquendi
848 2748 1190 2814 facultatem
1243 2748 1574 2814 Urmonius
1618 2772 1744 2813 non
1784 2758 1985 2835 negat.
2076 2750 2293 2836 Itaque
2322 2774 2395 2817 ex
2424 2752 2607 2817 alters
2634 2759 2803 2836 parte

397 2836 746 2915 Urmonius,
775 2835 1102 2922 Dionysius
1133 2834 1396 2901 O'Brien
1424 2836 1730 2900 Tomoniae
1752 2858 1969 2915 comes,
2012 2834 2491 2923 Lomnachaeque
2508 2840 2803 2924 princeps,

407 2931 468 2989 et
500 2923 797 3007 Georgius
826 2922 1057 2987 Carnus
1085 2924 1186 2987 An
1230 2922 1324 2986 lus
1353 2921 1797 2987 Momoniarum
1882 2923 2157 2988 raefectus
2184 2925 2352 3009 equis
2379 2925 2575 3004 vecti3
2620 2947 2695 2989 ex
2722 2924 2806 2989 al-

405 3012 537 3075 tera
565 3010 706 3075 verb
735 3008 1048 3094 religiosus
1081 2944 1378 3075 Arcffierus
1406 3008 1588 3093 pedes
1615 3006 1808 3073 tribus
1836 2946 2073 3075 phanis
2100 3010 2391 3076 militibus
2406 3011 2723 3077 comitatus
2741 3012 2809 3076 in

404 3098 717 3182 utriusque
768 3096 1060 3161 exercitus
1106 3102 1431 3181 conspectu
1473 3096 1550 3161 ad
1579 3094 1945 3181 colloquium
1974 3098 2357 3177 conveniunt,
2386 3097 2553 3163 nulla
2579 3097 2807 3164 incolu-

397 3185 624 3249 mitatis
669 3182 788 3249 fide
840 3184 998 3248 inter
1041 3183 1212 3248 osita.
1303 3182 1404 3247 Ibi
1431 3182 1752 3261 Archerus,
1785 3184 1890 3267 qui
1938 3184 2207 3271 linguam
2236 3184 2553 3271 Anglicam
2582 3182 2807 3270 optime

403 3270 654 3337 callebat
683 3276 926 3356 propter
976 3206 1239 3335 (gar-uum
1291 3268 1638 3335 Ibernicum
1667 3269 1888 3335 idioma
1917 3293 2042 3336 non
2068 3271 2520 3357 intelligentem,
2551 3271 2811 3359 Anglico

403 3380 672 3423 sermone
700 3356 816 3443 pie,
849 3356 1169 3442 sancteque
1199 3377 1308 3421 suo
1339 3379 1502 3422 more
1529 3356 1742 3443 incipit
1769 3358 1961 3423 facere
2003 3357 2203 3423 verba.
2290 3358 2451 3423 Eum
2478 3358 2809 3424 Urmonius

399 3444 782 3531 interrumpit
811 3444 983 3509 futile
1029 3442 1328 3528 quoddam
1372 3451 1794 3529 argumentum
1823 3444 1887 3508 in
1918 3444 2149 3509 Summi
2178 3444 2487 3511 Pontificis
2530 3446 2809 3511 sanctita-

403 3538 524 3596 tem
554 3529 908 3617 objiciendo.
1001 3529 1144 3601 Qua
1171 3552 1236 3594 re
1264 3528 1566 3595 subiratus
1618 3530 1923 3595 Archerus
1964 3554 2103 3595 cum
2146 3531 2465 3617 pristinum
2496 3532 2615 3596 oris
2643 3530 2810 3596 habi-

402 3624 537 3683 tum
565 3618 940 3704 aliquantum
989 3623 1308 3696 mutasset,
1354 3622 1417 3680 et
1457 3616 1638 3681 simul
1665 3616 1967 3695 baculum,
2000 3640 2107 3681 seu
2135 3619 2417 3702 stipitem,
2450 3640 2569 3703 quo
2600 3617 2813 3683 seniles

403 3712 568 3770 artus
620 3702 973 3782 sustinebat,
1027 3702 1270 3767 dextera
1315 3702 1470 3767 forte
1515 3702 1772 3780 tolleret,
1825 3710 1945 3767 tres
1996 3703 2201 3769 lberni
2245 3704 2493 3790 pediteS,
2526 3704 2629 3789 qui
2674 3726 2812 3770 eum

403 3791 865 3870 comitabantur,
897 3789 1143 3877 Anglici
1173 3790 1461 3854 sermonis
1489 3789 1704 3874 ignari,
1732 3788 1885 3854 velle
1924 3788 2265 3874 religiosum
2293 3790 2497 3876 stipite
2526 3813 2663 3855 cum
2692 3789 2812 3856 Ur-

408 3879 612 3945 monio
661 3876 964 3963 congredi,
1019 3876 1454 3942 existimarunt.
1543 3874 1947 3946 Quamobrem
1994 3876 2345 3961 periculum,
2390 3876 2550 3961 qubd
2600 3878 2813 3943 inermi

405 3966 680 4052 religioso
710 3964 786 4029 ab
818 3973 1044 4029 armato
1093 3961 1435 4049 impendere
1467 3961 1780 4047 putabant,
1810 3970 2177 4028 antevertere
2205 3964 2513 4048 cupientes
2543 3962 2663 4029 duo
2692 3964 2811 4029 Ur-

2348 2320 2422 2384 iis
2472 2319 2794 2385 Catholicis

479 4204 504 4230 ⁸
539 4200 662 4255 Not
683 4200 958 4255 recorded
982 4199 1052 4270 by
1079 4198 1174 4253 the
1201 4196 1354 4253 Four
1389 4198 1646 4261 Masters,
1671 4198 1792 4262 but,
1815 4216 1871 4271 p.
1902 4200 2061 4263 2187,
2088 4217 2168 4253 we
2210 4200 2323 4254 find
2362 4200 2485 4254 that
2506 4202 2601 4255 the
2636 4201 2817 4256 o·oo-

408 4290 542 4329 nors
576 4272 641 4326 of
661 4271 841 4343 offaly
865 4270 974 4324 had
999 4270 1155 4332 been,
1180 4268 1327 4323 from
1371 4270 1466 4323 the
1509 4288 1639 4342 year
1671 4272 1807 4324 1596
1834 4288 1897 4323 οι·
1922 4270 2011 4334 97,
2036 4270 2093 4323 in
2117 4288 2263 4325 arms
2287 4270 2419 4324 with
2443 4270 2537 4325 the
2559 4274 2813 4342 patriota,

409 4344 518 4398 and
540 4343 654 4399 had
680 4343 848 4407 taken
871 4342 944 4395 all
967 4340 1062 4395 the
1088 4340 1324 4411 English
1369 4340 1511 4395 forts
1555 4348 1750 4411 except
1793 4340 1941 4395 Phili
1980 4351 2175 4396 stown.
2253 4342 2407 4413 They
2444 4342 2571 4395 slew
2592 4346 2701 4395 500
2727 4361 2814 4397 ca-

411 4415 563 4485 valry
587 4414 696 4468 and
720 4412 988 4468 wounded
1013 4412 1106 4465 the
1132 4411 1502 4476 commander,
1527 4411 1891 4483 christophor
1970 4413 2151 4475 lauch,
2188 4412 2399 4483 shortly
2422 4412 2568 4466 aster
2592 4412 2814 4469 Essex’s

413 4485 618 4539 arrival
645 4485 703 4538 in
730 4483 971 4539 Ireland.
1047 4482 1335 4544 Lomhard,
1359 4501 1413 4552 p.
1443 4486 1568 4541 417.

483 4558 514 4623 ἲ
550 4556 731 4627 April,
779 4559 935 4617 1600,
979 4562 1080 4607 not
1125 4561 1186 4607 to
1223 4552 1368 4624 fight
1410 4553 1513 4607 but
1553 4560 1612 4606 to
1655 4552 1812 4625 parle
1852 4591 1866 4606 .
1946 4552 2067 4609 Our
2092 4553 2339 4608 author-’s
2364 4562 2600 4608 account
2624 4554 2689 4608 of
2703 4556 2815 4611 this

413 4626 744 4698 proceeding
785 4628 830 4679 is
872 4625 1112 4697 opposed
1150 4624 1288 4678 both
1333 4631 1394 4677 to
1437 4624 1534 4689 the·
1572 4624 1724 4677 Four
1832 4630 2015 4687 astera,
2079 4666 2094 4679 .
2120 4624 2283 4688 2167,
2306 4624 2415 4679 and
2438 4625 2533 4679 the
2556 4626 2817 4684 Hibernia

417 4698 644 4760 Pacata,
667 4698 775 4751 vol.
803 4698 840 4750 ἰ.
867 4714 922 4769 p.
950 4700 1037 4751 42.
1115 4694 1270 4766 Ver-y
1307 4693 1412 4749 few
1451 4695 1588 4749 lives
1626 4710 1772 4749 were
1797 4694 1925 4749 lost.
2056 4696 2125 4748 he
2184 4694 2304 4750 lace
2326 4697 2507 4750 where
2536 4696 2817 4755 Ormonde

419 4784 528 4819 was
550 4768 712 4821 taken
755 4768 802 4820 is
844 4767 1068 4838 pointed
1111 4774 1212 4821 out
1252 4784 1386 4820 near
1429 4765 1877 4839 Uskarty-wood,
1898 4770 1933 4819 8
1956 4765 2111 4821 miles
2190 4783 2279 4821 om
2304 4766 2602 4843 Kilkenny,
2627 4788 2698 4825 on
2720 4770 2816 4826 the

417 4837 644 4892 borders
671 4837 736 4891 of
755 4838 844 4892 the
869 4838 1113 4908 parishes
1139 4838 1203 4891 of
1223 4836 1508 4893 Muccalee
1534 4837 1642 4892 and
1671 4836 1931 4891 (ἰοντω-
