3634 5842
869 745 912 806 4
1395 758 1480 801 An
1525 755 1932 800 caruomcuu
1979 751 2305 798 an‘ronnu
2348 749 2666 798 nms'mm.

871 923 1113 980 strenue
1170 911 1607 999 profuderunt3
1675 909 1865 974 nostri
1909 907 2163 972 maxime
2192 907 2278 992 pii
2326 905 2708 985 confessores,
2756 904 2859 988 qui
2918 901 3263 968 foetidorum

871 1023 1174 1068 carcerum
1203 999 1342 1076 situ,
1373 1005 1435 1064 et
1463 996 1732 1082 squalore
1761 995 1980 1074 afflicti,
2012 994 2087 1060 ad
2114 994 2426 1080 Empyreae
2454 994 2633 1079 regiae
2674 989 3048 1079 splendorem
3079 988 3263 1054 demi-

873 1095 1141 1176 grarunt,
1160 1085 1350 1152 nostri
1386 1083 1854 1169 eloquentissimi
1896 1082 2338 1147 concionatores
2368 1079 2471 1164 qui
2497 1085 2887 1146 tartareorum
2916 1077 2993 1142 do
3132 1083 3264 1140 tum

873 1175 1060 1242 rabiei
1101 1181 1548 1259 repugnarunt3
1601 1169 1791 1235 nostri
1848 1169 2155 1234 fortissimi
2204 1174 2267 1233 et
2323 1165 2631 1232 clarissimi
2680 1166 2881 1244 duces,
2928 1165 3007 1228 m‘
3040 1165 3267 1248 'tesque

874 1259 1260 1348 magnanimi,
1292 1259 1396 1344 qui
1422 1257 1762 1323 maluerunt
1798 1257 1864 1321 in
1895 1256 2019 1320 acie
2040 1254 2266 1333 eadere,
2296 1253 2509 1320 acriter
2536 1260 2597 1318 et
2624 1255 2888 1319 animose
2908 1251 3263 1336 praeliantes,

877 1372 1058 1435 quam
1085 1345 1378 1424 hereticis,
1420 1344 1668 1410 scelesto
1705 1343 2019 1409 hominum
2048 1343 2251 1428 generi
2280 1341 2726 1427 obtemperare;
2770 1345 2992 1405 nostrae
3010 1338 3266 1402 faeminoe

878 1459 1014 1522 quse
1039 1433 1196 1500 virili
1223 1431 1720 1584 animgjproeditae
1746 1451 2058 1514 nunquam
2102 1429 2511 1494 haereticorum
2538 1428 2749 1493 terrori
2778 1425 3263 1506 succubuerunt3

875 1523 1069 1588 nostri
1095 1520 1263 1606 pueri
1292 1525 1354 1583 et
1457 1525 1644 1596 antes,
1669 1539 1924 1602 quorum
1958 1517 2097 1581 vitae
2112 1516 2456 1582 haereticum
2482 1515 2705 1580 ferrum
2722 1513 2966 1580 minime
2983 1513 3267 1599 pepercit,

743 1607 853 1674 [2]
881 1610 1103 1695 ”digna
1150 1606 1325 1672 laude
1371 1606 1699 1691 priventur,
1747 1610 1809 1668 et
1860 1602 2080 1688 quibus
2108 1603 2436 1688 sepulchris
2478 1624 2684 1668 eorum
2723 1624 2971 1687 corpora
2998 1599 3269 1666 condun-

875 1705 995 1776 tur,
1026 1694 1249 1760 eisdem
1299 1693 1478 1757 etiam
1507 1693 1664 1756 fama
1713 1697 1774 1756 et
1801 1691 2087 1755 memoria
2113 1689 2420 1757 obruatur.
2510 1689 2662 1760 Quae
2692 1711 2787 1754 me
2815 1711 2993 1754 causa
3021 1685 3267 1772 subigit,

873 1792 945 1849 ut
972 1783 1129 1848 hanc
1155 1780 1463 1846 historiam
1514 1777 1889 1845 scribendam
1918 1777 2253 1863 suscipiam,
2306 1799 2459 1844 onus
2487 1778 2761 1864 profecto
2806 1775 2967 1861 quod
3004 1773 3269 1861 postulat

876 1880 938 1936 et
979 1870 1172 1955 majus
1227 1867 1537 1954 ingenium
1585 1871 1647 1929 et
1709 1865 1908 1929 ocium
1958 1887 2137 1950 quam
2180 1887 2397 1943 meum,
2432 1865 2536 1950 qui
2564 1865 2866 1931 communi
2888 1864 3093 1949 patrias
3122 1883 3271 1926 meae

873 1961 1226 2042 tempestate
1257 1977 1390 2018 sum
1414 1953 1691 2039 jactatus,
1743 1951 1972 2016 Tamen
2000 1974 2261 2016 summos
2292 1958 2353 2016 et
2370 1951 2627 2018 Iberniae
2657 1951 3061 2016 ornatissimos
3092 1949 3269 2028 viros,

877 2045 982 2129 qui
1040 2041 1340 2127 Religioni
1369 2038 1689 2104 Catholicae
1716 2037 1895 2118 bello,
1927 2060 2189 2124 paceque
2230 2061 2509 2124 magnam
2536 2040 2816 2104 virtutem
2846 2038 3269 2124 praestiterunt,

877 2129 951 2196 ab
999 2128 1298 2194 oblivione
1356 2125 1670 2191 hominum
1721 2132 1782 2190 et
1853 2126 2101 2190 interitu
2148 2126 2330 2190 statui
2379 2125 2715 2204 vindicare;
2789 2122 3271 2210 quandoquidem

917 2221 1225 2282 raestantes
1281 2213 1394 2277 viri
1445 2219 1584 2298 post
1620 2234 1837 2299 corpus
1863 2213 1928 2276 in
1957 2213 2181 2278 eineres
2226 2235 2482 2293 versum,
2511 2213 2747 2292 litteris,
2779 2214 2948 2298 quasi
2967 2213 3269 2276 immorta-

873 2241 1044 2370 litate
1067 2301 1322 2388 quadam
1351 2298 1558 2365 donati
1576 2300 1810 2379 vivunt,
1842 2306 1915 2364 ut
1940 2299 2101 2365 idem
2131 2309 2309 2385 poeta
2336 2301 2573 2386 egregie
2602 2306 2876 2366 testatur.

1161 2445 1201 2472 “
1227 2434 1483 2490 Carmine
1499 2433 1564 2488 fit
1581 2433 1740 2488 vivax
1759 2433 1963 2501 virtus,
1982 2451 2177 2518 expers
2214 2452 2281 2488 ue
2298 2435 2573 2507 sepulchri

1303 2505 1580 2560 Notitiam
1603 2522 1738 2559 serae
1761 2506 2103 2576 posteritatis
2121 2505 2193 2559 ha
2228 2515 2301 2561 et.

1235 2575 1448 2632 'rabida
1471 2577 1743 2631 consumit
1766 2576 1994 2642 ferrum,
2017 2577 2359 2649 lapidemque
2380 2585 2641 2633 vetustas.

1308 2647 1586 2718 Nullaque
1609 2664 1698 2701 res
1720 2647 1900 2717 majus
1922 2656 2169 2719 tempore
2190 2648 2365 2702 robur
2382 2649 2567 2704 habet.

1235 2719 1456 2790 Scripta
1477 2719 1666 2774 ferunt
1687 2736 1859 2773 annos
1886 2742 1899 2773 ε
1932 2721 2152 2804 scriptis
2179 2722 2587 2791 Agamemnona
2608 2721 2784 2775 nosti:

1307 2789 1391 2844 Et
1449 2791 1657 2862 uisquis
1679 2799 1876 2845 contra
1899 2791 1984 2844 vel
2009 2791 2171 2844 simul
2194 2810 2350 2846 arma
2367 2792 2513 2846 tulit.

1241 2861 1378 2925 Quis
1453 2862 1635 2925 hebas,
1661 2870 1975 2934 septemque
2002 2863 2166 2917 duces
2189 2864 2305 2919 sine
2330 2865 2569 2918 carmine
2592 2871 2779 2918 nosset

1307 2933 1392 2986 Et
1410 2933 1676 3005 quidquid
1697 2941 1825 3004 post
1848 2935 1985 3001 haee,
2007 2935 2273 3007 quidquid
2290 2943 2345 2990 et
2365 2945 2493 2990 ante
2532 2935 2639 2988 fuit
2663 2942 2687 2990 ?

1236 3004 1332 3057 Dii
1357 3021 1572 3074 quoque
1594 3005 1927 3059 carminibus
1945 3005 2018 3073 (si
2040 3006 2122 3059 fas
2144 3015 2227 3060 est
2244 3007 2454 3076 dicere)
2476 3007 2636 3074 fiunt,

1308 3075 1596 3146 Tantaque
1619 3075 1876 3145 majestas
1902 3093 1999 3130 ore
2024 3079 2269 3132 canentis
2296 3081 2471 3150 eget.’'

969 3221 1171 3286 Altius
1201 3227 1398 3284 autem
1429 3220 1627 3304 paule,
1649 3219 1891 3284 initium
1921 3241 2171 3297 sumam,
2193 3218 2405 3286 insulae
2432 3225 2723 3302 naturam,
2816 3219 2941 3285 ntis
2963 3217 3274 3304 originem,

881 3331 1095 3386 mores,
1125 3306 1494 3392 religionem,
1541 3313 1602 3371 et
1630 3329 1823 3386 casuS,
1854 3307 2109 3371 maxime
2137 3305 2211 3371 ab
2243 3313 2379 3371 ortu
2406 3310 2715 3392 praesentis
2792 3307 2990 3372 aeresis
3018 3327 3275 3370 comme-

883 3417 1140 3460 morans.
1229 3393 1446 3478 Neque
1476 3415 1622 3478 quas
1651 3416 1746 3458 res
1769 3393 2147 3480 magnanime
2176 3398 2238 3457 et
2258 3392 2491 3460 fortiter
2516 3397 2709 3460 nostri
2737 3397 2937 3462 hostes
2966 3400 3028 3458 et
3056 3392 3274 3458 Catho-

881 3483 1010 3548 licae
1040 3480 1370 3566 Religionis
1418 3481 1728 3566 gesserint,
1790 3487 1853 3545 et
1904 3478 2404 3566 quemadmodum
2434 3481 2508 3546 ab
2550 3483 2623 3547 iis
2670 3488 2963 3548 nostrates
3004 3481 3278 3544 homines

883 3568 1106 3634 fuerint
1147 3567 1311 3645 vieti,
1342 3567 1576 3648 taceb0,
1607 3589 1812 3632 eorum
1845 3589 2158 3653 prosperos
2188 3589 2359 3632 casus
2390 3567 2735 3654 diligentius
2762 3567 3070 3636 referendo
3100 3589 3283 3652 quam

884 3663 1026 3721 sunt
1048 3654 1123 3720 ab
1140 3655 1409 3740 ipsorum
1439 3653 1832 3742 scriptoribus
1862 3653 2149 3720 hactenus
2178 3653 2418 3720 traditi:
2466 3656 2797 3742 nullibique
2832 3655 2969 3721 illos
3010 3654 3279 3740 indignis

884 3744 1170 3808 conviciis
1228 3749 1334 3806 aut
1379 3742 1606 3830 injuria
1641 3743 1891 3807 afficiam
1938 3748 2043 3807 aut
2090 3739 2294 3807 debita
2333 3740 2512 3807 laude
2554 3743 2861 3822 fraudab0,
2890 3741 3071 3808 modo
3098 3763 3276 3828 oequo

883 3831 1082 3895 animo
1140 3829 1352 3909 ferant,
1411 3852 1490 3894 ne
1537 3851 1675 3895 vera
1747 3829 1987 3895 silentio
2045 3829 2265 3895 tacitus
2336 3829 2655 3897 involvam.
2766 3831 2917 3896 Vale
2973 3828 3279 3894 Catholiee

881 3915 1119 3982 Lector.
