3634 5842
340 725 498 771 car.
545 708 637 791 vn]
1007 731 1094 774 nn
1135 731 1338 778 anuo
1383 733 1748 782 Qumnscm
1791 737 2127 786 Annorum.
2622 721 2743 789 201

339 885 682 964 pugnatur,
713 879 942 966 aliquot
969 885 1251 970 utrinque
1278 886 1572 966 sauciatis,
1604 895 1666 952 et
1722 887 2085 971 desideratis,
2114 891 2221 958 sed
2248 892 2425 978 regiis
2452 891 2745 978 pluribuS,

341 987 433 1029 ex
464 986 718 1050 quorum
747 967 1050 1034 nobilibus
1093 975 1319 1040 cecedit
1367 973 1732 1059 Tamquinun
1763 977 2021 1076 Anglus,
2048 998 2245 1066 neque
2272 979 2583 1066 pugnandi
2610 981 2747 1046 finis

339 1053 586 1136 primus
655 1053 852 1118 factus
930 1066 1038 1135 est,
1113 1081 1294 1145 quam
1379 1059 1448 1126 N
1449 1061 1600 1126 orris
1683 1063 1751 1128 in
1841 1064 2401 1133 Killnamollacham
2478 1067 2748 1150 (ecclesia

337 1139 775 1224 Tumulorum)
811 1163 875 1205 se
904 1143 1144 1228 recepit.

1387 1533 1568 1599 CAP.
1614 1533 1692 1598 V.

961 1715 1190 1793 Thqmae
1214 1717 1460 1772 Non-isis
1483 1718 1760 1791 expeditio
1783 1719 2039 1774 secunda·

345 1873 622 1944 Bmtsus
667 1873 882 1940 Norris
929 1875 995 1941 in
1047 1876 1386 1943 Catholicos
1409 1877 1844 1963 expeditionem
1893 1884 2081 1964 parat,
2120 1877 2345 1942 ducens
2395 1874 2517 1939 duo
2568 1873 2750 1939 millia

353 1967 428 2024 et
457 1959 919 2046 quadringentos
937 1963 1162 2048 pedites
1193 1969 1256 2028 et
1283 1965 1512 2050 equites
1527 1972 1826 2029 trecentos
1876 1987 2015 2030 cum
2063 1961 2283 2050 quibus
2330 1960 2558 2026 Rochei
2592 1961 2748 2026 vice·

349 2047 596 2112 comitis
651 2049 796 2114 fines
853 2049 1155 2135 ingressus
1214 2049 1699 2138 Oppidopontem
1764 2051 1979 2134 (Bane,
2006 2073 2085 2116 an
2142 2049 2377 2128 drohid)
2441 2048 2749 2114 castellum

349 2140 574 2198 natura
623 2140 684 2198 et
728 2158 764 2201 o
807 2157 904 2200 ere
959 2137 1346 2202 immunitum
1405 2161 1441 2204 a
1481 2138 1826 2203 vicecomite
1884 2137 2179 2202 desertum
2234 2141 2504 2234 occupat.
2594 2133 2750 2199 Inde

351 2158 911 2306 Oppidocastefium
949 2222 1140 2307 (Baile
1169 2247 1246 2288 an
1276 2223 1622 2308 Caislean)“‘·
1650 2246 1843 2290 arcem
1894 2226 2109 2290 natura
2136 2229 2197 2288 et
2224 2221 2499 2308 praesidio
2530 2221 2749 2286 firmio-

346 2329 504 2385 rem,
536 2327 671 2393 quae
700 2309 1043 2394 quingentis
1071 2310 1344 2396 passibus
1373 2309 1592 2392 aberat,
1643 2320 1845 2398 petere
1888 2312 2133 2396 cogitati
2220 2309 2375 2374 Eam
2422 2309 2749 2373 vicecomes

349 2392 437 2458 ad
464 2395 929 2461 internecionem
959 2397 1169 2462 statuit
1227 2397 1579 2464 defendere:
1640 2399 1739 2464 cui
1796 2395 2132 2484 opportune
2162 2402 2456 2461 venerunt
2506 2395 2747 2474 auxili0,

347 2479 576 2546 Daniel
635 2481 774 2547 Mac
830 2481 1054 2548 Cartha
1110 2485 1215 2569 qui
1271 2484 1642 2550 Clancarrhae
1700 2483 2097 2570 principatum
2156 2475 2483 2562 obtinebat,
2552 2503 2748 2547 comes

351 2565 744 2647 Desmonius,
773 2568 1122 2655 Dermysius
1152 2570 1530 2650 O'Conchur,
1561 2579 1622 2636 et
1673 2571 2011 2638 Gulielmus
2055 2569 2301 2636 Burkus
2346 2591 2485 2634 cum
2514 2568 2749 2633 duobus

351 2652 627 2718 millibus
656 2660 717 2718 et
767 2655 1109 2741 quingentis
1155 2657 1386 2722 circiter
1433 2657 1735 2742 peditibus
1786 2664 1848 2722 et
1899 2655 2200 2742 equitibus
2250 2655 2448 2719 minus
2485 2662 2748 2719 centum.

353 2739 536 2808 Inter
564 2739 1114 2827 Oppidocastellum
1143 2749 1206 2808 et
1231 2743 1544 2808 Norrisem
1565 2743 1783 2809 castris
1821 2744 2142 2822 collocatis,
2173 2735 2345 2806 illum
2372 2742 2753 2806 constituunt

353 2849 514 2892 ausu
540 2827 875 2912 prohibere.
961 2827 1232 2915 Cumque
1268 2830 1368 2895 ille
1413 2831 1734 2896 exercitum
1784 2831 2084 2908 movisset,
2114 2829 2165 2914 ej
2172 2851 2241 2894 us
2270 2828 2391 2893 alas
2418 2827 2486 2892 in
2513 2828 2751 2912 agmina

355 2937 426 2978 se
454 2913 714 3000 recipere
764 2921 826 2979 et
874 2915 1219 2981 universum
1261 2917 1585 2982 exercitum
1631 2917 1707 2982 ad
1752 2917 2001 3002 pristina
2043 2925 2235 2981 castra
2279 2914 2470 2980 redire
2499 2923 2745 2998 cogunt.

351 3001 569 3066 Castra
596 3024 734 3067 cum
764 3001 1166 3072 bombardsrii
1207 3011 1672 3091 oppugnassent,
1703 3003 1923 3070 crebris
1950 3008 2381 3068 tormentorum
2408 2998 2628 3066 ictibus
2656 3024 2745 3065 re-

352 3095 694 3168 moventur,
723 3087 977 3175 locoque
1019 3090 1294 3156 cedentes
1324 3091 1660 3157 Catholicos
1689 3092 1889 3176 regius
1912 3090 2230 3174 equitatus,
2262 3095 2323 3154 et
2350 3086 2747 3152 bombardarii

355 3183 714 3261 sequuntur,
745 3182 806 3241 et
851 3176 928 3242 ad
973 3177 1236 3277 ipsorum
1288 3184 1582 3244 tormenta
1632 3174 2017 3264 compellunt.
2105 3177 2563 3242 Tormentorum
2606 3195 2747 3240 vero

355 3262 485 3326 vim
512 3262 810 3348 fugientes
859 3264 1008 3350 regii
1053 3287 1262 3332 rursus
1299 3264 1374 3331 ad
1425 3288 1533 3330 sua
1579 3271 1929 3331 reccurrunt
1970 3261 2356 3350 sequentibus
2384 3261 2743 3327 Catholicis:

357 3349 2407 3505 ἲὲἕαῖἳηέἰᾏιᾚῖαῗθῧῗωθῗὲήῖζωίῧὲῗῗὺῇᾷῗὲῗῑαῗέἑῗῆἶί
2426 3350 2749 3500 Ξῖιῖῗέἱζῗ

359 3543 435 3586 ac
464 3518 798 3588 obtinentes
825 3524 1318 3610 interemptorum
1366 3463 1631 3592 hostilum
1679 3549 1748 3590 ca
1790 3525 1876 3590 ita
1914 3522 2177 3589 fustibus
2204 3523 2386 3588 infixa
2415 3520 2572 3586 celso
2620 3521 2748 3586 loco

361 3607 766 3673 ostentabant.
852 3610 1048 3674 Alteri
1073 3619 1146 3675 ut
1194 3633 1439 3677 suorum
1489 3613 1684 3698 capita
1730 3634 1766 3676 a
1855 3609 2254 3710 ignominioso
2290 3608 2421 3674 loco
2449 3607 2748 3673 auferrent

361 3715 572 3759 omnes
600 3715 811 3759 nervos
841 3696 1148 3776 extricant,
1178 3698 1340 3762 unde
1367 3720 1492 3763 non
1549 3719 1760 3784 parum
1791 3720 1941 3762 acris
1968 3717 2173 3782 pugna
2200 3693 2517 3761 oriebatur.
2609 3694 2747 3759 Hoc

359 3780 546 3846 modo
596 3801 734 3845 cum
785 3781 910 3846 dies
961 3781 1274 3848 duodecim
1321 3783 1534 3848 fuisset
1573 3789 1907 3870 pugnatum
1956 3783 2177 3868 majore
2225 3782 2523 3866 regiorum
2568 3803 2747 3867 quam

359 3867 808 3934 Catholicorum
837 3867 1110 3952 damnem
1167 3868 1498 3955 Norrisque
1532 3871 1608 3936 de
1652 3869 1889 3934 tumulo
1917 3891 2041 3934 non
2091 3866 2345 3953 amplius
2382 3867 2746 3933 contendens
2769 3882 2949 3952 [160.]

359 3954 566 4043 potius
595 3953 891 4020 rediturus
943 3977 1122 4040 quam
1167 3979 1584 4044 progressurus
1611 3956 1928 4034 videretur,
1958 3961 2030 4020 ut
2065 3953 2239 4020 illum
2280 3953 2538 4019 reditum
2566 3955 2747 4020 etiam

357 4041 763 4120 occluderent,
823 4041 1028 4108 relicto
1087 4041 1570 4143 Oppidocastello
1640 4043 1811 4108 firmo
1869 4041 2145 4129 praesidio
2215 4040 2507 4106 Catholici
2570 4043 2748 4128 juxta

362 4129 871 4216 Oppidopontem,
901 4135 963 4195 et
990 4127 1256 4195 Nornsis
1286 4131 1502 4195 stativa
1548 4131 1610 4196 in
1653 4129 1786 4196 loco
1819 4129 1927 4194 viae
1952 4129 2301 4194 imminente
2328 4127 2745 4193 consederunt.

363 4215 644 4289 Quorum
694 4223 884 4282 castra
925 4215 1140 4282 Norris
1197 4223 1335 4284 ante
1376 4217 1526 4283 lucis
1584 4223 1857 4283 exortum
1914 4215 2241 4302 productus
2314 4213 2615 4302 equitibus
2687 4221 2749 4280 et

361 4302 776 4390 Septingentis
861 4301 1288 4370 bombardariis
1362 4301 1642 4390 gravibus
1732 4303 1993 4390 pilorum
2065 4301 2354 4388 grandine
2426 4302 2746 4387 improviso

363 4389 604 4456 obruit:
649 4409 721 4453 ex
750 4411 820 4455 ea
846 4391 1042 4480 fronte
1089 4398 1560 4478 propugnatores
1607 4389 1931 4456 nonnullos
1970 4387 2171 4456 subito
2199 4393 2419 4452 terrore
2446 4388 2749 4473 perculsos

361 4477 556 4563 fugat.
577 4563 590 4576 ⁶
645 4476 982 4543 Gulielmus
1012 4501 1085 4542 ex
1114 4477 1228 4544 alio
1257 4501 1446 4544 cornu
1473 4476 1692 4544 auxilio
1735 4476 1998 4574 veniens,
2050 4475 2175 4541 suis
2203 4475 2561 4574 confirmatis
2590 4475 2655 4540 N
2656 4485 2749 4539 or·-

365 4585 644 4716 ¹233AE
665 4563 1332 4719 {igdffidissmiis‘oessfl
1362 4561 2753 4737 ‹isstffoiffiuffipssisfflfiiqffimfflffi

673 4805 700 4834 ⁴¹
718 4803 1074 4939 agasfletown
1099 4807 1310 4862 Roehe.
1385 4807 1544 4862 Baile
1568 4825 1636 4862 an
1665 4805 1921 4878 droghid,
1946 4807 1990 4860 is
2017 4807 2393 4878 Bridgetown.
