3634 5842
346 752 480 797 car.
527 731 664 815 111.]
1059 752 1142 795 nn
1187 749 1390 795 natm
1435 746 1800 799 omnm-:om
1849 735 2181 793 amenum.
2608 725 2731 792 237
2792 804 2802 815 .

347 898 742 964 O'Sullevano
771 896 1084 963 constituti
1113 898 1265 964 duce
1295 896 1592 963 Richardo
1643 895 1785 959 Mac
1815 894 2180 980 Gochegano
2209 895 2335 961 viro
2364 896 2590 963 nobili:
2634 901 2741 985 qui

346 982 708 1051 munitiones
755 984 974 1070 egressi
1025 1007 1133 1071 pro
1185 1008 1358 1051 muro
1408 1006 1544 1049 cum
1595 981 1768 1046 hoste
1795 981 2029 1047 fortiter
2059 982 2361 1063 dimicant,
2392 986 2563 1050 illum
2592 987 2743 1051 arcis

348 1072 794 1159 oppugnatione
824 1071 928 1136 diu
957 1071 1378 1158 prohibentes:
1423 1078 1484 1135 et
1511 1070 1672 1135 intra
1700 1069 2073 1133 munimenta
2101 1070 2392 1156 compulsi
2422 1095 2495 1137 ex
2522 1074 2741 1158 pinnis,

348 1160 620 1225 fenestris
667 1166 845 1243 atque
893 1157 1158 1223 turribus
1209 1182 1336 1224 sese
1380 1156 1626 1222 firmiter
1675 1160 1941 1221 tuentur.
2031 1155 2262 1221 Carnus
2306 1166 2507 1243 aperta
2534 1160 2595 1223 vi
2622 1165 2745 1225 tor·

349 1252 552 1313 menta
581 1247 646 1310 in
673 1267 866 1311 arcem
895 1267 1068 1330 agere
1095 1253 1334 1311 tentans
1363 1267 1497 1309 cum
1531 1243 1568 1306 a
1607 1241 2154 1328 propugnatoribus
2202 1244 2630 1330 prohiberetur,
2685 1252 2748 1311 et

351 1334 722 1419 eruptionem
751 1331 1125 1413 facientibus,
1157 1341 1215 1397 et
1245 1332 1490 1397 missilia
1519 1352 1592 1395 ex
1617 1328 2055 1425 ⁸munitionibus
2100 1330 2499 1415 jaculantibus
2528 1333 2748 1398 fossam

351 1420 594 1485 homine
644 1417 878 1484 cubitos
924 1419 1076 1484 duos
1121 1420 1390 1485 altiorem
1417 1419 1485 1483 in
1513 1438 1708 1483 arcem
1752 1415 1977 1501 dirigit,
2010 1422 2071 1481 et
2098 1438 2303 1481 rursus
2346 1424 2749 1485 transversum

353 1528 630 1593 aggerem
658 1504 904 1571 obducit
931 1528 1148 1593 magna
1194 1511 1706 1592 propugnatorum
1755 1502 2135 1569 contentione
2162 1526 2271 1591 pro
2320 1505 2547 1571 viribus
2598 1528 2751 1591 opus

354 1593 947 1678 interrumpentiumz
1001 1600 1062 1657 et
1089 1594 1154 1659 in
1181 1594 1396 1658 fossam
1429 1614 1568 1657 cum
1597 1589 1631 1655 ὲ
1661 1589 1886 1655 castelli
1932 1589 2196 1656 turribus
2239 1613 2363 1657 non
2406 1599 2560 1658 esset
2586 1615 2751 1745 pros-

355 1688 586 1767 pectuS‚
610 1702 722 1767 -per
768 1702 898 1745 eam
946 1679 1131 1745 trahit
1175 1685 1472 1745 tormenta
1523 1678 1806 1763 quinque,
1840 1675 2059 1763 quibus
2099 1678 2165 1742 in
2216 1684 2549 1745 transversa
2616 1702 2750 1745 ossa

358 1768 660 1853 dispositis
711 1789 814 1831 arx
861 1766 1144 1832 continue
1193 1766 1480 1853 quatitur.
1591 1762 1845 1829 Interim
1889 1771 2359 1850 propugnatores
2416 1767 2757 1853 fiequenter

359 1859 681 1939 erumpunt
709 1853 940 1918 hostem
972 1876 1046 1917 ex
1074 1854 1518 1940 oppugnatione
1567 1850 1865 1915 dimovere
1916 1859 2217 1931 conantes,
2247 1852 2399 1918 levia
2426 1853 2627 1939 praelia
2655 1876 2753 1919 eo·

361 1944 560 2007 minus
589 1940 1036 2019 committendO,
1065 1947 1128 2004 et
1155 1942 1388 2006 eminus
1417 1962 1488 2003 ex
1517 1936 1953 2003 munitionibus
1981 1938 2204 2024 ignitos
2272 1939 2443 2005 lobos
2481 1938 2754 2007 bombar-

363 2028 473 2107 dis,
502 2028 940 2113 tormentisque·
958 2027 1247 2093 faciendo.
1323 2026 1367 2091 J
1367 2048 1464 2091 am
1492 2024 1630 2090 verb
1656 2024 1875 2090 crebris
1904 2026 2216 2105 tormentis
2268 2028 2441 2093 axata
2466 2026 2751 2113 lapidum,

361 2115 766 2201 moeniumque
811 2136 986 2200 comp
1151 2136 1254 2178 arx
1306 2112 1632 2179 deficiebat.
1723 2110 1952 2197 Magna
1999 2134 2137 2198 pars
2168 2114 2447 2193 concidit,
2477 2137 2613 2200 pars
2642 2114 2757 2179 alia

364 2224 730 2286 consequens
775 2223 1020 2287 procum
1064 2200 1220 2267 ebat.
1307 2200 1424 2265 Per
1473 2199 1707 2265 ruinam
1757 2200 1956 2285 regius
1985 2200 2275 2266 exercitus
2318 2201 2383 2266 in
2425 2224 2619 2266 arcem
2645 2203 2757 2265 im-

363 2296 572 2375 petum
599 2288 760 2354 facit.
848 2287 1148 2374 Utrinque
1175 2310 1394 2373 magna
1421 2287 1580 2352 oaede
1624 2287 1782 2351 facta
1808 2293 2281 2373 propugnatores
2308 2287 2600 2374 impetum
2628 2310 2757 2353 sus-

365 2376 537 2441 tinet.
625 2374 799 2460 Regii
849 2396 1054 2439 rursus
1105 2382 1364 2460 pergunt
1413 2374 1642 2439 eminus
1688 2394 1882 2438 arcem
1934 2374 2245 2439 tormentis
2290 2397 2653 2454 consumere,
2698 2380 2761 2440 et

367 2459 708 2527 bombardis
755 2467 1226 2547 propugnatores
1278 2484 1348 2525 ex
1407 2482 1600 2539 muro,
1658 2458 2043 2545 turribusque
2101 2461 2416 2527 dimovere.
2504 2462 2762 2548 Ingente

368 2550 600 2633 fragore
627 2548 817 2612 frusta
843 2547 1200 2612 munimenti
1229 2552 1430 2625 ruunt,
1453 2546 1748 2611 trahentia
1775 2546 1995 2612 milites
2024 2570 2242 2626 secum,
2274 2569 2531 2634 saxaque
2560 2548 2763 2614 conisa

369 2640 628 2701 armatos
656 2631 940 2698 obruunt.
1029 2632 1204 2718 Regii
1252 2656 1360 2719 per
1407 2633 1641 2697 ruinam
1685 2632 2046 2717 irrumpunt,
2099 2655 2249 2718 quos
2292 2642 2763 2721 propugnatores

371 2718 652 2807 globulis,
684 2724 748 2783 et
773 2717 1072 2804 lapidibus
1121 2725 1530 2797 consternunt,
1583 2718 1768 2783 hastis
1797 2721 2175 2803 transfigunt,
2206 2720 2419 2805 gladiis
2461 2716 2763 2806 jugulant,

373 2806 634 2873 admotis
684 2804 923 2891 clypeis,
972 2806 1242 2890 saxisque
1288 2804 1574 2871 revolutis
1625 2804 1902 2869 deorsum
1946 2827 2053 2890 per
2094 2805 2327 2871 ruinam
2370 2808 2762 2893 proecipitant,

373 2900 617 2977 totaque
644 2891 956 2977 repellunt.
1047 2892 1264 2957 Adhuc
1292 2892 1438 2977 regii
1471 2892 1903 2955 munimentum
1933 2894 2243 2957 tormentis
2272 2894 2503 2959 eminus
2532 2916 2762 2980 oppug-

373 2990 541 3058 nant,
573 2988 633 3044 et
661 2978 950 3044 machinis
977 2978 1113 3043 tuto
1135 2977 1621 3057 convellentibus,
1640 2977 2073 3043 munitionibus
2090 2978 2307 3044 affatim
2328 2980 2759 3060 corruentibus,

374 3074 816 3153 propugnatore
843 3066 1062 3153 passim
1091 3065 1336 3131 cadente
1364 3088 1488 3131 non
1518 3066 1692 3131 datur
1740 3064 1925 3131 libera
1952 3065 2201 3132 facultas
2228 3067 2416 3133 ruinae
2446 3068 2763 3133 defenden-

378 3155 508 3220 dae:
540 3176 645 3240 per
666 3176 796 3219 eam
867 3160 1295 3239 ropugnatores
1323 3154 1618 3237 irruunt-,u
1655 3159 1715 3219 et
1741 3154 1807 3217 in
1838 3151 2054 3233 aulam,
2086 3152 2161 3218 ad
2191 3176 2371 3239 quam
2399 3177 2606 3241 usque,
2638 3178 2761 3220 cas·
2786 3174 2969 3240 [184.]

377 3241 586 3306 tellum
615 3248 740 3307 erat
758 3263 828 3306 co
851 3240 1102 3327 lapsum,
1123 3240 1394 3307 cohortes
1421 3245 1542 3304 tres
1571 3240 1742 3327 signa
1767 3240 2087 3306 inferentes
2118 3239 2421 3307 dimidiam
2450 3250 2761 3329 occupant.

380 3328 480 3393 Ibi
510 3328 1051 3414 propugnatoribus
1091 3326 1537 3393 occurrentibus
1578 3350 1790 3393 manus
1848 3335 2121 3394 cruenter
2150 3330 2516 3395 conseritur:
2562 3330 2769 3395 multis

377 3416 660 3501 utrinque
689 3414 1034 3479 vulneribus
1062 3416 1321 3493 inflictis,
1352 3414 1558 3480 multis
1586 3416 1726 3481 viris
1753 3417 2003 3481 interem
2048 3416 2143 3495 tis,
2173 3416 2320 3501 regii
2349 3423 2515 3502 terga
2543 3424 2769 3482 vertere

381 3510 699 3587 coguntur,
729 3501 944 3580 aulam,
975 3508 1036 3565 et
1065 3502 1296 3567 ruinam
1325 3508 1514 3567 totam
1543 3501 1895 3567 deserentes.
1988 3439 2113 3573 gui
2142 3503 2355 3567 sauciis
2383 3504 2633 3590 receptis
2659 3504 2768 3567 ite-

381 3612 515 3655 rum
544 3589 932 3674 irruptionem
962 3588 1192 3653 faciunt
1233 3596 1488 3667 recente,
1532 3596 1861 3675 vegetoque
1888 3588 2075 3653 milite
2105 3610 2244 3653 cum
2272 3590 2520 3667 defesso,
2552 3597 2612 3653 et
2639 3589 2769 3654 vul-

381 3683 606 3754 nerate,
655 3681 716 3739 et
763 3696 980 3759 magna
1022 3674 1406 3741 multitudine
1455 3696 1592 3740 cum
1685 3676 1847 3741 aucis
1894 3675 2299 3760 confligentes.
2385 3676 2652 3741 Primum
2698 3676 2773 3741 de

381 3762 558 3827 ruina
607 3760 958 3825 dimicatur:
1004 3761 1165 3826 unde
1215 3784 1408 3848 propu
1495 3762 1646 3827 atori
1685 3785 1760 3827 us
1807 3760 2068 3846 expulsis
2119 3760 2389 3825 cohortes
2432 3772 2659 3848 septem
2703 3764 2769 3828 in

385 3848 582 3915 aulam
633 3847 856 3931 aquilas
907 3848 1222 3913 conferunt
1271 3848 1342 3912 eo
1373 3850 1422 3913 si
1464 3850 1486 3914 i
1515 3849 1796 3933 iniquam,
1846 3847 2008 3933 quod
2049 3848 2113 3911 in
2144 3869 2213 3912 ea
2241 3870 2304 3912 se
2330 3870 2453 3913 non
2494 3856 2769 3935 poterant

389 3933 700 4020 explicare.
791 3932 888 3998 Ibi
917 3934 982 3998 in
1009 3932 1251 4019 longam
1268 3957 1493 4000 moram
1520 3957 1724 4021 pugna
1742 3934 2145 4020 protrahitur:
2188 3934 2364 3999 multi
2392 3936 2616 4001 mutuis
2642 3936 2775 4001 vul-

386 4020 628 4087 neribus
657 4019 1095 4085 succumbunt:
1140 4044 1357 4106 magna
1405 4044 1736 4107 corporum,
1791 4030 1971 4107 atque
1998 4042 2295 4086 armorum
2324 4028 2411 4086 str
2593 4023 2771 4109 jacet.

389 4106 548 4174 Aula
577 4115 704 4172 tota
733 4106 1038 4192 sanguinis
1067 4107 1275 4172 rivulis
1325 4108 1475 4174 fluit.
1564 4108 2085 4194 Propugnatorum
2130 4130 2266 4193 pars
2314 4108 2415 4173 lon
2522 4109 2776 4175 maxima

390 4195 589 4273 cadit3
634 4194 958 4280 praesertim
1005 4192 1150 4257 Dux
1195 4194 1546 4274 Richardus,
1577 4196 1746 4280 cujus
1776 4196 1957 4260 animi
2002 4194 2351 4280 magnitudo
2382 4218 2517 4261 cum
2547 4196 2778 4281 generis

392 4282 656 4348 claritate
686 4281 762 4345 de
789 4280 1126 4367 principatu
1177 4282 1588 4362 contendebat,
1617 4282 1872 4347 maxime
1918 4280 2157 4347 strenue
2198 4280 2471 4367 praelians
2498 4282 2656 4347 inter
2682 4306 2777 4348 ca-

395 4370 607 4434 davera
685 4368 1044 4432 semianimis
1103 4367 1458 4453 procumbit,
1533 4370 1758 4448 multis,
1819 4376 1999 4454 atque
2054 4368 2373 4434 lethalibus
2435 4369 2779 4435 vulneribus

396 4458 658 4521 affectus.
792 4454 1180 4539 Reliquorum
1275 4455 1452 4519 etiam
1558 4477 1734 4520 nemo
1827 4478 1951 4520 non
2044 4454 2391 4521 vulneribus
2481 4456 2775 4543 affligitur.

398 4543 759 4627 superstites
809 4540 1004 4607 aulam
1054 4542 1451 4625 relinquentes
1499 4542 1564 4607 in
1612 4541 1889 4607 inferiora
1937 4541 2203 4607 tabulata
2246 4564 2311 4607 se
2338 4542 2593 4628 recipere
2620 4566 2779 4609 com-

399 4628 719 4714 pelluntur.
839 4628 1018 4695 Unde
1088 4626 1364 4694 acerrime
1432 4635 1768 4715 pugnantes
1837 4635 2073 4692 tantum
2140 4650 2277 4693 cum
2346 4629 2581 4708 virtute,
2646 4639 2779 4696 tum

402 4716 822 4801 desperatione,
856 4739 988 4801 quae
1017 4715 1092 4781 ad
1119 4716 1370 4797 honeste
1419 4715 1788 4780 moriendum
1819 4713 1973 4801 saepe
2020 4738 2303 4800 magnum
2332 4716 2781 4783 incitamentum

403 4810 511 4881 est,
544 4802 870 4882 valuerunt,
903 4811 970 4868 ut
1000 4804 1228 4869 hostem
1257 4803 1516 4889 primum
1547 4802 1684 4868 aula
1711 4802 1943 4882 deinde,
1964 4823 2093 4867 arce
2121 4804 2251 4868 tota
2277 4804 2563 4871 exuerint.
2610 4804 2781 4870 Illico
