3634 5842
876 736 912 794 2
1189 777 1198 784 -
1673 751 1971 796 mus-rona
2017 751 2464 798 onmem-oum.

867 905 932 968 in
960 904 1092 990 ipso
1121 903 1411 988 regnandi
1441 903 1683 968 exordio
1713 905 2118 970 monarchiam
2146 911 2314 970 tuam
2358 902 2637 990 praeclare
2666 925 2970 989 capessere
3010 903 3269 989 coepisti,

871 1009 1150 1076 omnibus
1168 1009 1476 1076 catholicae
1502 1010 1640 1074 fidei
1659 1010 2059 1076 desertoribus
2078 1033 2397 1097 regnorum
2420 1018 2659 1076 tuorum
2678 1009 2847 1075 aditu
2863 1008 3223 1074 interdicens
3247 1033 3263 1071 ι

871 1121 1052 1200 atque
1095 1116 1355 1182 Batavos
1399 1122 1461 1182 et
1490 1117 1638 1182 alios
1667 1117 2029 1183 nefariorum
2068 1117 2415 1203 dogmatum
2444 1124 2761 1182 assertores
2812 1116 2886 1181 de
2928 1115 3267 1180 Christiana

869 1221 1004 1309 lege
1031 1221 1185 1287 male
1215 1223 1536 1288 sentientes
1567 1224 1644 1289 ad
1671 1223 2070 1289 obedientiam
2096 1223 2379 1290 Ecclesiae
2402 1223 2663 1290 debitam
2692 1223 2868 1289 armis
2896 1222 3265 1288 reducendos

872 1351 1000 1394 esse
1029 1335 1298 1394 statuens
1327 1335 1397 1395 ut
1426 1330 1629 1396 divina
1655 1331 1849 1396 nostri
1896 1332 2223 1396 Servatoris
2251 1331 2398 1396 fides
2440 1353 2567 1396 non
2596 1331 2775 1396 modo
2804 1331 2870 1396 in
2896 1330 3014 1396 illis
3042 1330 3261 1416 regnis,

872 1460 1006 1523 quae
1034 1461 1070 1503 a
1097 1439 1220 1502 tuis
1248 1437 1569 1524 majoribus
1596 1437 1711 1503 tibi
1739 1439 1960 1504 tradita
1988 1445 2149 1519 sunt,
2182 1439 2468 1505 servanda
2495 1446 2557 1504 et
2586 1437 2920 1504 decoranda
2954 1438 3263 1517 videntum

869 1546 972 1611 sed
994 1547 1059 1610 in
1081 1543 1212 1610 aliis
1228 1546 1406 1609 etiam
1427 1544 1791 1631 regionibus,
1809 1546 1877 1611 in
1898 1545 2119 1630 quibus
2138 1546 2453 1631 impiorum
2478 1545 2788 1610 hominum
2812 1544 3029 1610 scelere
3048 1545 3266 1610 violata

867 1653 1140 1720 funditus
1186 1652 1427 1732 corruit,
1457 1675 1665 1718 rursus
1694 1676 1871 1738 opera
1900 1660 1961 1718 et
1988 1652 2284 1717 industria
2316 1659 2443 1732 tua,
2470 1651 2959 1738 faelicissimisque
2988 1651 3263 1737 auspiciis

867 1766 1078 1838 erecta,
1107 1763 1436 1824 restaurata
1463 1765 1522 1823 et
1551 1758 1629 1824 ad
1667 1759 1987 1845 pristinum
2038 1758 2413 1845 splendorem
2460 1759 2737 1824 restituta
2777 1759 2879 1844 jus
2907 1779 3103 1838 suum,
3136 1757 3265 1844 dig-

870 1867 1238 1954 nitatemque
1281 1867 1448 1933 brevi
1492 1874 1909 1954 recuperatum
1938 1873 2228 1953 speretur.
2318 1865 2485 1938 Quas
2514 1866 2592 1933 ob
2622 1889 2827 1933 causas
2865 1867 3019 1933 hanc
3047 1865 3262 1931 Catho-

871 1973 1000 2039 licae
1030 1975 1287 2040 Iberniae
1311 1975 1642 2055 historiam,
1688 1997 1823 2061 quae
1870 1976 1955 2048 inq
1982 1973 2243 2040 tenebris
2290 1973 2578 2040 hactenus
2628 1974 2887 2055 delituit,
2916 1974 3093 2060 regiae
3143 1980 3263 2039 tuae

873 2086 1198 2172 majestatis
1226 2085 1416 2151 tutela
1443 2085 1630 2152 fretus
1659 2087 1724 2152 in
1751 2086 1949 2152 lucem
1978 2086 2247 2152 emittere
2275 2087 2503 2174 putavi.

3586 2155 3607 2202 -1

1731 2241 1885 2308 vale
1914 2242 2044 2307 Rex
2074 2242 2477 2308 Invictissime
3604 2275 3607 2416 Ῑ

2010 2401 2470 2470 PHILIPPUS
2513 2404 3175 2474 O'SULLEVANUS.
3581 2420 3593 2467 :
