3634 5842
321 698 472 744 car.
519 679 644 763 ιιι]
981 703 1064 746 nn
1107 703 1305 748 nanno
1351 702 1716 753 uulnus-,em
1761 701 2100 747 annosum.
2595 689 2714 752 247

315 849 616 936 impetum
662 846 934 925 sustinet,
966 854 1027 912 et
1065 847 1390 914 uberiorem
1439 850 1702 915 hostium
1732 847 1967 914 turbam
1998 871 2121 914 non
2208 849 2373 914 rocul
2407 856 2718 916 castrame-

314 943 512 1002 tatam
541 935 824 999 districtis
851 934 1084 1019 gladiis,
1117 934 1454 1002 bombardis
1484 936 1803 1022 dispositis,
1824 945 1885 1001 et
1905 937 2153 1001 intentis
2216 937 2358 1001 astis
2387 936 2453 1001 in
2480 939 2720 1023 singula

315 1029 629 1089 momenta
669 1021 1061 1172 prgestolatur,
1106 1021 1395 1088 militibus
1430 1022 1764 1089 alternatim
1785 1023 2019 1109 vigilias
2048 1022 2381 1110 agentibuS,
2414 1046 2716 1090 somnum-

363 1132 445 1174 ue
465 1109 730 1193 carpenti
773 1129 864 1171 us,

317 1130 364 1196 q
414 1196 457 1261 J
459 1219 556 1262 am
585 1195 710 1260 dies
739 1200 864 1260 erat
891 1194 934 1259 J
936 1193 1162 1260 anuarii
1191 1204 1413 1276 sextae,
1445 1218 1586 1262 cum
1608 1196 1847 1262 albente
1874 1198 2039 1277 cae10,
2070 1197 2415 1283 procedenti
2445 1195 2715 1263 O’Sulle·

317 1303 482 1348 vano
511 1281 806 1347 concitata
831 1282 1158 1368 ignitorum
1227 1283 1500 1348 loborum
1534 1291 1855 1370 tempestas
1900 1285 2139 1350 illuxit:
2184 1295 2311 1349 erat
2340 1283 2561 1370 quippe
2589 1285 2718 1352 haec

319 1369 676 1456 quotidiana
703 1368 999 1448 salutatio,
1029 1391 1146 1455 qua
1185 1306 1358 1436 igllum
1379 1369 1671 1456 jubebant
1709 1371 1929 1450 hostes,
1970 1380 2032 1436 et
2058 1393 2301 1457 vespere
2351 1369 2719 1437 discedentes

317 1457 538 1536 valere,
569 1461 632 1521 et
650 1477 824 1520 mane
849 1456 1152 1522 venientes
1171 1458 1414 1522 salvere.
1501 1457 1619 1522 Per
1640 1457 1794 1522 diem
1814 1463 2011 1522 totum
2030 1457 2253 1542 agmini
2281 1457 2493 1522 ultimo
2516 1481 2719 1543 pugna

317 1543 700 1608 continenter
747 1543 1039 1622 imminet,
1081 1544 1362 1629 utrinque
1411 1543 1716 1609 nonnullis
1767 1543 2139 1624 cadentibus,
2188 1566 2316 1609 non
2362 1542 2432 1608 eo
2480 1551 2719 1610 tantum

318 1629 722 1696 O’Sullevauo
751 1630 975 1715 iniqua,
1000 1628 1162 1714 quod
1188 1631 1366 1716 pauci
1393 1651 1532 1696 cum
1558 1631 1766 1695 multis
1786 1631 1959 1716 signa
1976 1629 2376 1709 conferebant,
2395 1629 2499 1696 sed
2516 1631 2714 1711 etiam,

319 1717 486 1800 qu6d
517 1717 796 1782 adversus
838 1723 1126 1797 recentes,
1168 1724 1230 1782 et
1257 1723 1502 1802 vegetos
1547 1716 1779 1796 defessi,
1832 1723 1895 1782 et
1938 1718 2121 1782 saucii
2152 1716 2423 1803 praelium
2462 1716 2715 1783 inibant.

319 1803 658 1870 Missilibus
709 1803 882 1868 solito
933 1826 1096 1869 more
1137 1809 1414 1870 certatur.
1504 1803 1660 1869 Cum
1709 1803 2142 1870 O’Sullevanus
2185 1802 2473 1884 subsistit,
2519 1804 2719 1870 hostes

313 1899 490 1976 terga
506 1892 668 1970 dant,
689 1913 826 1956 cum
843 1889 1235 1976 progreditur,
1267 1891 1564 1956 concitato
1586 1913 1766 1956 cursu
1793 1899 2147 1976 sequuntur.
2192 1891 2392 1958 Nocte
2421 1897 2716 1958 certamen

313 1979 632 2044 dirimente
653 1979 716 2044 in
745 1977 1148 2042 Brosnacham
1178 1979 1376 2043 vicum
1405 1976 1841 2043 O’Sullevanus
1868 1980 2155 2064 pervenit.

1329 2447 1508 2514 CAP.
1556 2449 1678 2514 IX.

321 2645 721 2700 O'Sullevanus
761 2644 816 2698 in
861 2661 1132 2698 summum
1175 2645 1771 2770 d320‘33221f.bded¹²⁰t¹‚¹⁸
1814 2665 1975 2719 quam
2017 2649 2157 2702 miro
2184 2650 2415 2705 artificio
2442 2649 2715 2724 Dermysii

1249 2733 1369 2769 ueri
1459 2734 1476 2768 1
1515 2726 1703 2770 eratus
1723 2759 1734 2770 .

321 2906 454 2972 H10
503 2908 568 2972 in
626 2926 928 2988 summum
979 2903 1292 2968 discrimen
1345 2901 1778 2968 O'Sullevanus
1823 2903 2136 2970 videbatur
2186 2904 2495 2987 deductuS,
2548 2909 2710 2994 qu6d

322 2994 660 3072 Sininnnm,
713 3014 950 3057 amnem
999 2991 1283 3076 amplum,
1333 2996 1394 3054 et
1441 2989 1834 3076 navigabilem
1874 3014 1999 3057 non
2026 2999 2260 3079 poterat
2288 2995 2708 3078 transmittere,

319 3081 613 3168 phasellis,
667 3085 846 3166 atque
889 3077 1142 3164 navigiis
1185 3075 1258 3141 ab
1288 3076 1459 3141 hoste
1487 3078 1748 3156 remotis,
1780 3083 1842 3143 et
1870 3085 2047 3144 cauto
2100 3080 2266 3145 ›oenis
2295 3079 2707 3164 acerbissimis,

321 3189 394 3232 ne
424 3168 592 3232 illum
619 3166 781 3231 ullus
831 3165 1085 3253 portitor
1136 3171 1298 3228 trans
1339 3170 1578 3229 ortaret.
1665 3164 1919 3251 Propter
1955 3167 2067 3232 ine
2108 3169 2223 3232 iam
2258 3167 2435 3233 etiam
2488 3170 2709 3236 milites

319 3253 540 3318 viribus
591 3253 1016 3319 destituuntur.
1104 3250 1201 3316 Ob
1247 3251 1270 3315 i
1355 3250 1584 3316 animos
1625 3252 1895 3317 omnium
1922 3252 2135 3340 ingens
2165 3253 2495 3340 desperatio
2524 3256 2705 3323 subit.

319 3339 396 3403 In
441 3340 555 3406 hoe
601 3341 846 3426 ancipiti
890 3347 1051 3404 statu
1100 3360 1297 3403 rerum
1343 3345 1511 3424 pater
1554 3361 1721 3404 meus
1772 3339 2120 3427 Dermysius
2168 3341 2599 3409 O’Sullevanus
2642 3367 2706 3410 se

322 3427 518 3491 navim
548 3426 716 3492 brevi
745 3427 1172 3496 confecturum.
1203 3431 1266 3490 et
1294 3425 1510 3490 famem
1538 3427 1795 3492 militum
1826 3428 2227 3493 extincturum
2255 3431 2586 3514 profitetur.

403 3511 652 3577 Postero
699 3513 794 3577 die
845 3513 947 3599 qui
998 3512 1286 3597 septimus
1315 3519 1441 3577 erat
1469 3511 1740 3578 Januarii
1769 3515 2008 3592 mensis,
2038 3514 2336 3602 Dermysii
2365 3515 2612 3581 consilio
2638 3519 2705 3584 in

323 3597 718 3664 Brosnacham
749 3599 1218 3676 densissimamff'
1265 3605 1442 3683 atque
1488 3601 1843 3665 tutissimam
1874 3601 2094 3685 sylvam
2139 3624 2266 3666 sese
2310 3600 2611 3682 abdenteS,
2644 3611 2705 3668 et

323 3686 485 3750 coesis
515 3685 822 3750 arboribus
849 3684 915 3749 in
963 3684 1102 3749 valli
1150 3685 1406 3771 speciem
1456 3686 1816 3771 compositis,
1859 3687 2132 3772 fossaque
2174 3687 2383 3752 leviter
2407 3689 2564 3753 facta
2592 3690 2703 3754 cir-

325 3772 756 3849 cumvallantes,
814 3770 1066 3836 biduum
1113 3771 1262 3835 duas
1288 3794 1468 3836 naves
1497 3794 1570 3835 ex
1596 3772 1937 3850 viminibus,
1970 3780 2031 3837 et
2073 3772 2381 3839 arboribus
2411 3775 2697 3856 condunt,

325 3860 482 3943 equis
512 3858 823 3924 duodecim
854 3858 1082 3936 occisis,
1113 3880 1368 3943 quorum
1397 3859 1567 3922 coriis
1599 3859 1736 3924 navi
1783 3858 1838 3923 'a
1864 3860 2232 3958 integuntur,
2244 3862 2273 3944 ll
2320 3867 2382 3925 et
2423 3861 2698 3928 carnibus
2716 3889 2901 3961 [191.]

329 3968 522 4011 omnes
568 3951 890 4010 vescuntur
932 3952 1148 4029 praeter
1206 3942 1685 4022 O'Sullevanum,
1807 3967 1928 4010 erm
1968 3968 2141 4025 slum,
2202 3953 2262 4010 et
2317 3945 2698 4036 Dermysium

329 4031 894 4097 O'Huallachanum.
925 4031 1138 4110 Navis,
1148 4029 1670 4116 cujusDermysius
1689 4033 1806 4096 fuit
1825 4054 1923 4097 arc
1972 4033 2182 4098 'tectus
2200 4033 2432 4100 huncin
2452 4035 2698 4100 modum

331 4121 645 4185 conficitur.
734 4119 978 4182 Vimina
1006 4120 1288 4183 crassiore
1316 4123 1482 4203 parte
1509 4125 1680 4182 terrae
1707 4119 1907 4199 infixa,
1952 4125 2014 4185 et
2040 4119 2116 4184 ad
2144 4121 2401 4186 medium
2442 4122 2701 4187 invicem

328 4207 544 4286 reflexa,
596 4204 970 4290 testibusque
1019 4204 1284 4273 revincta
1333 4225 1548 4288 corpus
1597 4206 1763 4270 navis
1793 4205 2274 4272 constituebant:
2320 4209 2419 4274 cui
2448 4207 2483 4272 ὲ
2512 4208 2703 4274 solida

328 4293 534 4376 tabula,
567 4292 908 4371 statumina,
960 4297 1331 4376 transtraque
1377 4291 1626 4356 interius
1667 4291 1989 4359 adduntur.
2076 4293 2356 4360 Exterius
2385 4295 2560 4361 coriis
2587 4317 2701 4360 un-

333 4379 498 4446 decim
549 4401 838 4466 equorum
886 4379 1239 4465 cooperitur,
1287 4376 1484 4455 remiS,
1515 4385 1692 4462 atque
1736 4379 1969 4444 scalmis
1998 4382 2303 4468 coaptatis.
2382 4380 2614 4462 Carina,
2640 4390 2700 4449 et

333 4468 574 4534 materiei
605 4467 971 4544 necessitate,
1003 4471 1065 4530 et
1093 4487 1253 4542 saxa,
1283 4469 1604 4548 cautesque
1632 4464 1859 4530 vitandi
1888 4469 2067 4532 causa
2096 4475 2220 4534 erat
2248 4467 2461 4554 plana:
2509 4469 2701 4558 longi-

395 4669 416 4694 ·
451 4667 636 4722 Called
672 4667 744 4750 bv
780 4665 874 4720 the
917 4663 1072 4748 Four
1119 4663 1352 4718 Masters
1397 4669 1437 4698 ‘⁸
1457 4661 1784 4716 Goill-fhino
1804 4666 1856 4730 ς’·
1891 4663 1960 4734 by
2004 4683 2107 4719 our
2150 4667 2351 4722 author
2392 4667 2698 4734 Brosnach,

337 4734 459 4789 from
479 4739 546 4792 its
573 4737 792 4808 vicinity
818 4744 879 4790 to
907 4737 998 4790 the
1024 4735 1167 4788 httle
1195 4733 1496 4788 Brosnach.
