3634 5842
865 717 946 778 58
1311 709 1730 777 o'sumvmx
1771 722 2087 770 marom
2130 717 2517 777 cunonem,
2558 713 2689 760 rou
2734 713 2780 756 1.
2965 691 3123 776 [ms.
3169 709 3265 754 ιν.

951 884 1052 949 Ita
1097 899 1274 948 suum
1321 905 1392 947 co
1431 883 1630 948 iesum
1679 878 1923 964 quidem
1964 876 2319 960 Oatalogum
2368 869 2669 938 Henricus
2715 865 2989 965 absolvit.
3031 863 3112 963 In
3143 883 3265 948 quo

866 977 1067 1054 tamen
1095 992 1219 1057 prae
1248 970 1341 1034 his
1369 969 1408 1035 Ι
1449 968 1607 1033 ernis
1633 965 1808 1032 Divis
1878 965 1945 1030 ui
1971 963 2141 1029 relati
2170 967 2331 1039 sunt,
2362 979 2647 1046 perquam
2674 953 2853 1052 multi
2878 958 3267 1048 requiruntur

867 1065 930 1125 et
957 1059 1080 1124 fere
1108 1057 1471 1122 celeberrimi
1499 1054 1720 1142 quique
1759 1053 1829 1117 in
1892 1050 2096 1118 hernia
2114 1049 2338 1134 vulgo:
2385 1065 2639 1144 quorum
2663 1042 2955 1140 plurimos
3008 1043 3270 1138 ‘erstru-i-

869 1168 1008 1231 gere
1035 1144 1186 1210 mihi
1214 1144 1380 1210 cordi
1407 1145 1579 1221 foret,
1609 1140 1728 1208 nisi
1747 1137 2105 1204 militaribus
2122 1130 2643 1202 exercitationibus
2657 1127 2961 1214 mpeditus
3026 1131 3269 1190 tter-ano

703 1247 847 1317 [55.]
869 1232 1069 1300 studio
1097 1232 1298 1298 minus
1327 1231 1434 1296 otii
1462 1227 1840 1316 suppeditare
1866 1225 2161 1315 possemss
2278 1291 2283 1298 ,

1860 1707 2041 1775 CAP.
2086 1705 2279 1774 XIII.

875 1862 1047 1932 Ratio
1071 1874 1342 1936 redditur,
1369 1873 1825 1944 quemadmodum
1848 1872 2195 1999 Religiio,tet
2240 1871 2555 1927 litterarum
2578 1869 2822 1926 studium
2863 1869 2921 1922 in
2958 1867 3183 1923 Iber-nia
3204 1869 3279 1922 sit

1915 1962 1983 1998 ex
2030 1961 2099 1998 nc
2127 1961 2237 1997 um.

877 2099 1026 2164 Onu
1063 2119 1204 2162 vero
1249 2102 1418 2160 tanta
1451 2101 1797 2181 martyrum,
1824 2102 2186 2176 sanctorum,
2214 2095 2642 2162 monachorum
2670 2093 3078 2174 multitudine,
3108 2099 3279 2160 tanto

878 2205 1128 2250 numero
1178 2181 1521 2269 praesulum,
1581 2189 1676 2246 tot
1717 2182 2002 2249 caenobiis
2058 2191 2238 2269 atque
2264 2183 2523 2269 templis,
2552 2189 2676 2248 tam
2706 2181 2922 2247 celebri
2950 2182 3281 2247 litterarum

878 2269 1154 2357 palaestra
1199 2269 1442 2334 Ibernia
1489 2269 1774 2349 floruerit,
1796 2268 2156 2336 dubitaverit
2182 2271 2381 2336 forsan
2401 2269 2633 2356 aliquis,
2665 2268 2962 2354 quomodo
2990 2275 3159 2334 tanta
3186 2291 3279 2333 or-

879 2363 1162 2424 namenta
1190 2356 1559 2438 evanuerint,
1587 2362 1658 2420 ut
1716 2379 1923 2422 eorum
1950 2357 2271 2442 vestigium
2298 2357 2401 2421 vix
2427 2357 2621 2422 ullum
2650 2363 2813 2421 extet
2840 2361 3055 2443 praeter
3082 2357 3282 2422 diruta

881 2443 979 2510 vel
1026 2443 1396 2529 prophanata
1441 2444 1664 2528 templa
1685 2449 1746 2508 et
1773 2444 1883 2509 reli
1923 2466 2141 2509 uorum
2194 2445 2470 2530 exiguam
2527 2445 2873 2508 memoriam
2924 2444 3281 2529 scriptorum

883 2529 1050 2596 libris
1109 2529 1564 2596 conservatam?
1653 2531 1826 2596 Sinat
1917 2530 2165 2596 ubitare.
2250 2531 2533 2616 Namque
2574 2553 2669 2595 res
2709 2529 2987 2596 humanae
3038 2529 3285 2596 minime

885 2617 1082 2683 solent
1139 2617 1338 2682 stabili
1393 2616 1585 2703 gradu
1605 2618 1946 2683 consistere.
2033 2617 2211 2683 Nihil
2236 2624 2327 2682 est
2356 2617 2517 2704 quod
2545 2639 2689 2695 non,
2720 2616 2994 2682 absumat
3019 2623 3287 2683 vetustas

886 2711 948 2770 et
975 2711 1312 2791 temporum
1329 2705 1584 2770 mutatio
1631 2704 1733 2769 sed
1752 2705 2009 2770 maxime
2041 2704 2287 2770 bellum.
2376 2705 2477 2770 Sic
2520 2704 2714 2790 Trojae
2742 2726 2819 2770 ne
2846 2705 3167 2790 vestigium
3192 2727 3285 2780 re?

885 2793 1098 2858 lictum
1119 2797 1228 2858 est.
1316 2791 1778 2858 Bellicocissima
1824 2791 2123 2878 Carthago
2182 2791 2423 2858 corruit.
2496 2789 2835 2857 Thebarum
2849 2792 2951 2857 vix
2971 2798 3136 2856 extat
3162 2813 3285 2858 me-

887 2879 1098 2945 moria.
1187 2877 1559 2944 Athenarum
1589 2879 1879 2965 sapientia
1920 2877 2142 2946 abolita
2169 2886 2279 2944 est.
2365 2878 2452 2944 Et
2492 2877 2737 2944 Ibernia
2765 2879 3004 2965 quidem
3034 2877 3289 2945 duarum

889 2967 1160 3052 gentium
1181 2966 1454 3030 maximis
1476 2963 1647 3031 bellis
1664 2967 1901 3046 exarsit,
1924 2967 2186 3052 primum
2205 2967 2537 3045 Danorum,
2579 2964 2793 3031 deinde
2821 2965 3161 3052 Anglorum
3182 2987 3289 3052 per

891 3076 1081 3118 annos
1139 3051 1392 3136 amplius
1450 3051 1936 3137 quadringentos,
2008 3053 2071 3118 ui
2115 3076 2240 3118 non
2271 3052 2450 3118 modo
2480 3073 2708 3118 sacram
2756 3052 3034 3132 insulam,
3076 3051 3289 3118 rudem

895 3147 1072 3223 atque
1109 3137 1400 3202 incultam
1447 3136 1856 3203 reddiderunt.
1911 3075 2014 3204 aelli
2042 3140 2163 3205 ima
2212 3145 2274 3204 et
2316 3161 2551 3205 summa
2576 3141 2963 3220 miscuerunt,
2993 3141 3060 3206 in
3086 3141 3287 3206 Deum

896 3227 1074 3291 etiam
1104 3231 1164 3289 et
1193 3224 1432 3302 coeliteS,
1454 3224 1536 3288 im
1580 3223 1668 3288 ias
1695 3246 1912 3289 manus
1940 3225 2278 3291 inferentes.
2369 3226 2585 3311 Itaque
2611 3225 2715 3292 illa
2756 3227 3049 3294 Ibernicae
3070 3228 3287 3294 sancti-

893 3313 1036 3376 tatis
1064 3318 1125 3376 et
1152 3309 1501 3376 eruditionis
1521 3245 1700 3375 liicies
1720 3311 2135 3396 pulcherrima,
2152 3313 2327 3391 ferro,
2356 3313 2610 3394 flamma,
2641 3321 2907 3381 veterum
2934 3315 3289 3382 Ibernorum

895 3398 1142 3476 excidio,
1197 3397 1489 3462 universas
1537 3397 1750 3462 insuloe
1800 3399 2206 3465 devastatione
2272 3399 2468 3465 deleta
2493 3401 2776 3482 interivit,
2823 3402 2987 3489 quod
3042 3403 3290 3469 inferius

895 3486 1154 3571 apertius
1183 3483 1506 3571 apparebit.

1923 3990 2103 4056 OAP.
2150 3989 2328 4056 XIV.

1401 4167 1592 4239 Hujus
1617 4168 1800 4239 operis
1826 4167 2075 4239 epilogus
2110 4177 2168 4223 et
2191 4169 2465 4240 sequentis
2487 4168 2793 4240 promissio.

912 4355 1113 4432 Snus,
1143 4373 1276 4416 mea
1304 4350 1546 4436 quidem
1574 4351 1869 4416 sententia
1896 4349 2153 4416 breviter
2182 4352 2256 4418 de
2298 4351 2591 4420 Ibernicae
2618 4359 2793 4418 terrae
2812 4351 2991 4419 rebus
3018 4354 3298 4422 memoria

913 4440 1111 4526 dignis
1151 4445 1213 4504 et
1239 4439 1597 4505 Ibernorum
1625 4437 1872 4524 origine,
1915 4437 2183 4505 moribus
2211 4447 2389 4526 atque
2408 4440 2695 4526 religione
2725 4439 3000 4506 diximus.
3088 4445 3149 4508 A
3208 4442 3296 4507 ui-

913 4526 1028 4591 bus
1073 4525 1280 4592 Iberni
1306 4525 1528 4592 fuerint
1567 4523 1726 4591 bello
1753 4524 2027 4606 lacessiti,
2050 4525 2163 4592 hac
2179 4533 2529 4613 tempestate
2555 4549 2666 4612 pro
2685 4527 2804 4592 Dei
2830 4527 2963 4614 lege
2992 4536 3053 4595 et
3080 4529 3193 4596 Cat
3234 4551 3297 4594 o·

912 4613 1028 4678 lica
1047 4612 1319 4678 Romana
1355 4611 1471 4677 fide
1500 4635 1648 4698 quas
1676 4614 2038 4680 calamitates
2076 4615 2449 4700 pertulerint,
2496 4635 2643 4698 quas
2672 4635 2765 4679 res
2823 4616 3147 4700 gesserint:
3194 4617 3297 4702 qui

914 4699 1178 4799 episcopi
1197 4705 1376 4798 atque
1405 4699 1736 4766 sacerdotes
1756 4729 1777 4781 3
1802 4701 1907 4787 qui
1915 4701 2095 4766 etiam
2112 4701 2419 4767 saeculares
2439 4699 2730 4780 homines,
2756 4707 3115 4783 constantes,
3134 4725 3297 4789 mag-

913 4787 1160 4866 nanim,
1189 4785 1314 4865 fid1,
1345 4786 1440 4851 vel
1465 4787 1891 4869 inconstantes,
1920 4787 2223 4867 imbecilli,
2252 4786 2423 4853 infidi
2452 4786 2713 4853 fuerint:
2761 4789 2866 4873 qui
2894 4796 3180 4876 martyres
3208 4791 3300 4856 in·
