3634 5842
734 791 1075 838 rmurrus
1103 771 1572 838 o'sunmvanus
1602 791 1920 837 monum
1951 791 2288 853 omum,
2319 793 2422 838 sa.
2659 771 2786 835 34⁴9

394 943 783 1029 flagitareque
816 946 1044 1032 putavi,
1063 951 1135 1011 ut
1154 943 1396 1012 tandhm
1412 952 1474 1012 et
1495 946 1833 1032 gratissima.
1857 944 2156 1012 industria
2183 951 2412 1012 exteras
2441 950 2648 1031 gentes
2679 941 2786 1008 ob-

390 1028 593 1110 lectes,
625 1037 687 1095 et
713 1033 971 1117 glorioso
1020 1033 1223 1098 studio
1270 1035 1522 1120 patriam
1572 1039 1856 1112 nostram,
1900 1041 2196 1120 tuumque
2241 1055 2461 1098 nomen
2501 1031 2781 1096 illustres,

392 1115 555 1182 Mihi
584 1119 844 1202 quidam,
876 1120 1017 1185 cum
1044 1121 1168 1186 una
1196 1119 1445 1186 Madriti
1464 1120 1695 1188 fuimus
1724 1121 1813 1204 (ni
1842 1143 1974 1186 mea
2001 1120 2286 1186 memoria
2313 1120 2533 1203 deficit)
2559 1117 2782 1196 dixisti,

389 1201 504 1268 tibi
532 1205 731 1270 auimo
760 1229 905 1286 esse,
934 1205 1149 1272 insulae
1174 1215 1393 1272 nostrae
1412 1214 1704 1286 naturam,
1736 1213 1798 1272 et
1825 1229 1920 1272 res
1945 1207 2137 1273 relatu
2181 1208 2410 1292 dignas,
2440 1213 2618 1291 atque
2646 1226 2784 1270 nos·
2893 1245 2898 1252 ·

388 1295 621 1355 trorum
652 1291 889 1378 Regum
961 1301 1107 1373 esta,
1147 1294 1559 1379 Divorumque
1588 1295 1739 1358 vitas
1776 1294 1938 1378 (quae
1981 1295 2182 1360 omnia
2203 1294 2296 1358 vel
2326 1298 2561 1359 tantum
2589 1293 2785 1358 incor-

390 1377 587 1461 ruptis
614 1377 905 1446 Ibernicoe
918 1316 1574 1466 {iugum-monumentis
1595 1380 1878 1446 mandata
1905 1379 2242 1445 domesticis
2270 1378 2594 1466 parietibus
2623 1378 2786 1444 clau-

390 1462 636 1544 duntur,
687 1467 783 1531 vel
828 1467 989 1553 apud
1016 1468 1209 1533 varios
1256 1467 1507 1534 Latinos
1556 1468 1836 1532 authores
1927 1489 1990 1531 er
2039 1467 2285 1553 exiguas
2329 1465 2668 1553 particulas,
2721 1469 2784 1530 et

389 1551 789 1618 minutissima
816 1555 1037 1620 frustra
1084 1555 1449 1635 referuntur)
1500 1555 1567 1619 in
1606 1576 1799 1619 unum
1847 1553 1860 1566 '
1910 1561 2074 1620 ustre
2115 1575 2268 1640 opus
2295 1553 2534 1618 redacta
2559 1551 2782 1617 Latino

390 1659 661 1704 sermone
711 1640 1033 1726 divulgare.
1125 1641 1249 1712 Qui
1275 1639 1443 1706 labor
1470 1641 1631 1706 haud
1668 1639 1851 1706 dubie
1894 1662 2165 1726 magnus,
2201 1641 2448 1726 (quippe
2479 1660 2658 1724 supra
2687 1637 2781 1703 bis

386 1725 769 1792 millesimum
802 1729 1323 1814 nongentesimum
1346 1750 1569 1794 aunum
1598 1727 1956 1814 repetendus
1983 1728 2122 1793 cum
2139 1727 2308 1812 regni
2325 1727 2364 1792 d
2498 1726 2510 1739 '
2556 1726 2782 1790 tionem

388 1811 426 1874 ὲ
452 1814 689 1879 nemine
740 1815 991 1880 antehac
1040 1813 1243 1880 exacte
1278 1813 1611 1880 absolutam
1654 1821 1817 1881 texat
1845 1842 1860 1879 z
1905 1836 2045 1879 cum
2128 1815 2478 1898 lurimorum
2514 1749 2804 1898 iugum..

389 1898 495 1983 qui
522 1922 647 1965 non
694 1902 888 1966 solum
916 1902 1074 1966 inter
1119 1924 1202 1981 se,
1248 1900 1351 1967 sed
1402 1902 1581 1967 etiam
1631 1923 1770 1967 cum
1833 1901 2040 1980 Pictis,
2149 1901 2419 1981 ritaunis,
2471 1898 2778 1978 Romania,

386 1983 727 2073 Norvegiis,
758 1987 976 2074 Anglis
1005 1996 1067 2054 et
1093 1988 1225 2054 aliis
1254 1990 1533 2055 acerrima
1584 1987 1740 2055 bella
1768 1994 2098 2074 gesserunt,
2130 1987 2373 2073 amplas,
2405 1993 2586 2072 atque
2613 2007 2779 2070 mag-

385 2071 589 2138 nificas
616 2097 710 2140 res
740 2074 903 2141 domi
930 2081 991 2140 et
1018 2074 1281 2162 peregre,
1304 2097 1468 2163 pace,
1500 2075 1775 2162 belloque
1810 2081 2008 2161 gestas
2049 2085 2288 2140 narret:
2335 2075 2474 2140 cum
2501 2075 2776 2138 innume-

386 2179 589 2224 rorum
637 2163 1064 2248 propemodum
1118 2163 1433 2243 Divorum,
1483 2163 1587 2249 qui
1636 2171 1697 2228 et
1746 2163 2000 2251 patriam
2045 2185 2214 2228 suam
2270 2159 2682 2238 nobilitarunt,
2714 2165 2778 2224 et

387 2251 634 2328 exterae,
686 2249 1162 2336 longinquasque
1212 2251 1484 2337 regiones
1534 2250 1630 2315 vel
1676 2251 1833 2331 vitae,
1865 2249 2266 2334 doctrinaeque
2316 2248 2649 2325 sanctitate,
2679 2245 2776 2310 vel

384 2332 571 2399 effuso
606 2357 717 2420 pro
745 2335 1079 2404 Christiana
1110 2339 1356 2403 veritate
1385 2339 1675 2424 sauguine
1702 2342 2011 2416 ornarunt,
2031 2336 2323 2403 mirabilia
2342 2336 2498 2401 facta
2513 2333 2771 2421 pandat:

383 2424 563 2504 atque
592 2420 740 2486 adeo
769 2431 983 2507 praeter
1024 2424 1559 2490 vetustissimarum
1602 2446 1799 2489 rerum
1845 2425 2248 2508 cognitionem
2276 2425 2470 2487 varios
2499 2421 2776 2506 ancipitis

382 2505 641 2570 sortunae
691 2529 863 2572 casus
910 2516 1215 2587 memoret,
1268 2510 1575 2596 multaque
1621 2511 1890 2596 exempla
1937 2511 2240 2594 frugifera,
2289 2517 2351 2574 et
2393 2507 2652 2574 salubria
2697 2506 2778 2572 ad

382 2591 659 2656 colendas
688 2593 960 2671 virtutes,
993 2594 1355 2679 vitandaque
1380 2597 1526 2662 vitia
1572 2595 1937 2681 suppeditet)
1972 2618 2096 2659 non
2123 2603 2320 2694 potest
2348 2618 2473 2660 non
2501 2616 2628 2658 esse
2657 2593 2773 2657 lec-

378 2676 611 2831 toribsss
712 2679 1029 2759 atissimus,
1060 2681 1113 2745 si
1142 2702 1347 2747 verum
1377 2687 1469 2746 est
1496 2681 1765 2746 Lucretii
1794 2703 2028 2746 carmen
2057 2679 2304 2746 minime
2333 2681 2537 2767 paucis
2566 2679 2774 2744 suffra·

380 2765 501 2850 giis
587 2787 629 2830 u
672 2773 858 2833 atum.

638 2977 833 3042 Suave
860 2977 1007 3043 mari
1035 2999 1253 3063 magno
1283 2973 1666 3042 turbantibus
1694 2997 1934 3060 aequora
1953 2973 2165 3055 ventis,

633 3063 690 3128 E
720 3072 875 3129 terra
900 3087 1185 3150 magnum
1215 3064 1455 3130 alterius
1484 3071 1745 3148 spectare
1774 3061 2072 3127 laborem:

634 3151 785 3216 Non
814 3152 955 3236 quia
982 3152 1181 3216 vexari
1210 3173 1547 3237 quenquam
1576 3158 1667 3214 est
1680 3149 1951 3236 jucunda
1978 3147 2287 3235 voluptas:

635 3237 754 3302 Sed
782 3237 999 3323 quibus
1026 3238 1048 3303 i
1092 3261 1153 3303 se
1182 3238 1353 3303 malis
1382 3259 1597 3316 careas,
1628 3237 1767 3323 quia
1794 3257 2031 3302 cernere
2060 3257 2238 3301 suave
2267 3239 2372 3299 est.

636 3325 829 3390 Suave
850 3325 1028 3390 etiam
1100 3325 1199 3390 elli
1226 3325 1564 3390 discrimina
1591 3346 1807 3410 magna
1833 3324 1990 3388 tueri

634 3410 753 3476 Per
780 3433 907 3476 cam
952 3434 1020 3476 os
1035 3412 1329 3477 instructa
1356 3419 1462 3476 tua
1490 3412 1617 3476 sine
1646 3417 1812 3497 parte
1841 3410 2068 3496 pericli.

635 3497 754 3564 Sed
783 3497 871 3562 nil
900 3435 1135 3563 dulcius
1163 3504 1271 3577 est,
1305 3497 1455 3563 bene
1486 3499 1663 3584 quam
1693 3499 1930 3562 munita
1955 3505 2156 3562 tenere

635 3583 817 3650 Edita
847 3584 1115 3651 doctrina
1143 3585 1478 3670 sapientum
1506 3584 1730 3683 templa
1758 3605 1983 3662 serena,

627 3671 873 3736 Discere
903 3671 1063 3736 unde
1092 3695 1295 3757 queas,
1324 3672 1470 3738 alios
1498 3691 1840 3758 passimque
1868 3670 2066 3737 videro

634 3757 891 3824 Errare:
936 3765 1115 3843 atque
1142 3759 1299 3824 viam
1328 3759 1585 3846 palantis
1656 3779 1880 3822 uaerere
1909 3757 2067 3836 vitae,

632 3844 873 3910 Certare
888 3846 1149 3930 ingeni0,
1180 3846 1537 3911 contendere
1566 3867 1645 3910 uo
1688 3843 1897 3924 ih‘tate,

630 3929 880 4011 NocteS,
910 3941 1091 4018 atque
1121 3932 1247 3998 dies
1274 3933 1388 3997 niti
1416 3938 1733 4018 praestante
1757 3930 1978 4011 labore,

630 4017 733 4083 Ad
760 4041 1021 4085 summas
1050 4041 1348 4106 emergere
1378 4041 1539 4105 opeS,
1572 4039 1888 4103 rerumque
1916 4017 2113 4104 potiri.

442 4241 733 4306 Praeterea
762 4239 990 4320 fertilis,
1023 4251 1201 4329 atque
1229 4242 1511 4310 beneficae
1536 4243 1769 4309 telluris
1786 4241 2026 4309 dotibus
2032 4271 2052 4323 3
2083 4243 2490 4324 vetustissimi,
2513 4243 2762 4331 optime-

372 4350 489 4413 que
518 4327 734 4392 servati
763 4329 952 4393 nostri
980 4331 1215 4415 generis
1264 4330 1616 4396 nobilitate:
1664 4330 1946 4396 memoria
1973 4352 2172 4395 rerum
2216 4330 2593 4417 inclytarum,
2613 4353 2764 4418 quas

370 4416 561 4481 nostri
590 4413 841 4499 majores
867 4414 1118 4496 fortiter,
1149 4423 1213 4483 et
1239 4416 1503 4483 animose
1530 4424 1870 4504 gesserunt:
1900 4424 2011 4497 tot,
2029 4423 2452 4502 tantorumque
2469 4418 2763 4485 Divorum

372 4503 723 4567 sanctitate:
794 4507 1017 4580 nostra,
1078 4505 1183 4589 qui
1246 4503 1424 4569 hodie
1500 4525 1907 4590 supersumus,
1965 4501 2302 4570 incredibili
2377 4504 2762 4572 defendendas

371 4586 725 4654 Christianoe
780 4587 1083 4674 pietatatis
1139 4590 1494 4671 constantia,
1524 4599 1587 4656 et
1644 4591 1868 4657 virtute
1923 4613 1986 4656 re
2061 4592 2209 4670 titis,
2262 4597 2440 4676 atque
2482 4594 2760 4680 cognitis,

370 4671 615 4740 Ibernia
646 4681 855 4741 contra
902 4675 1207 4757 invidiam,
1240 4684 1419 4763 atque
1463 4677 1936 4744 maledicentiam
1965 4701 2002 4744 o
2045 4683 2430 4746 trectatorum
2451 4680 2554 4766 jus
2583 4703 2762 4748 suum

374 4759 745 4844 dignitatem,
775 4761 1027 4849 gloriam
1054 4763 1341 4832 tuebitur.
1414 4764 1565 4831 Non
1590 4771 1651 4831 te
1714 4766 1936 4830 raeterit
1963 4763 2287 4832 Alexandri
2317 4766 2530 4854 Magni
2558 4767 2761 4836 Mace-

372 4845 567 4915 doniae
594 4851 753 4936 regis
780 4873 919 4935 vox,
948 4851 1053 4938 qui
1083 4853 1223 4920 cum
1250 4853 1315 4920 in
1339 4851 1599 4940 Sigaeum
1618 4875 1652 4921 a
1726 4852 1980 4926 Achillis
2009 4853 2311 4922 tumulum
2327 4857 2603 4939 venisset,
2623 4879 2764 4924 eum
