3634 5842
369 761 507 808 car.
534 743 703 828 nvn]
880 763 967 808 nn
996 765 1293 814 annuos,
1320 765 1539 811 rimus
1568 767 2054 814 rensncu'rloms
2085 769 2367 814 runcns.
2630 752 2754 814 293

1358 1037 1539 1104 CAP.
1581 1037 1759 1104 XVI.

742 1255 1157 1310 catholicorum
1182 1255 1503 1320 constantia,
1528 1263 1586 1310 et
1608 1262 1838 1310 conatus
1860 1255 1918 1310 in
1939 1255 2394 1328 persecutionem.

368 1441 825 1508 Nnnnoimms
852 1441 1012 1527 apud
1056 1441 1365 1506 universos
1411 1438 1563 1526 pene
1608 1438 1860 1506 Ibernos
1907 1440 2064 1510 nihil
2108 1464 2300 1529 magis
2326 1443 2530 1524 fixum,
2573 1451 2758 1530 atque

370 1528 755 1594 deliberatum
784 1534 892 1606 est,
925 1547 1104 1613 quam
1153 1527 1445 1593 haereticis
1492 1527 1667 1613 regis,
1706 1534 1888 1614 atque
1969 1529 2194 1614 roregis
2222 1529 2468 1595 edictis:
2514 1531 2756 1598 nefariis

370 1614 617 1680 Cnocsis
666 1614 1183 1700 Pseudoepiscopi,
1235 1621 1301 1679 et
1339 1613 1587 1678 aliorum
1636 1613 1944 1680 haeresiarc
1985 1635 2154 1682 amm
2203 1616 2754 1698 constitutionibus,

369 1701 887 1788 sceletissimisque
902 1701 1200 1787 regiorum
1222 1701 1627 1766 ministrorum
1639 1700 1821 1786 jussis
1838 1724 1962 1766 non
1981 1701 2402 1788 obtemperare.
2450 1702 2540 1767 Im
2547 1705 2752 1790 primis

368 1811 495 1854 non
523 1789 649 1854 sine
700 1788 1082 1853 contentione
1130 1786 1603 1872 possessionibus
1652 1787 1775 1852 suis
1826 1787 2010 1874 aliqui
2038 1788 2414 1874 dejiciuntur.
2503 1791 2752 1876 Aliquot

370 1873 723 1960 Anglorum,
753 1880 815 1941 et
844 1875 1156 1940 Scotorum
1186 1874 1451 1953 coloniis,
1483 1895 1629 1959 quas
1679 1876 1888 1938 statuit
1915 1897 2126 1960 prorex
2153 1876 2215 1940 in
2245 1875 2570 1962 Lageniam
2612 1878 2752 1943 mit-

369 1968 512 2040 tere,
536 1961 820 2026 hactenus
849 1959 1209 2026 obstiterunt
1226 1960 1440 2025 Daniel
1463 1959 1878 2026 O'Murchuus
1899 1968 2292 2046 cognomento
2316 1963 2431 2028 His
2473 1964 2750 2044 aniensis,

369 2047 651 2128 Felmius,
682 2055 743 2113 et
770 2045 1159 2134 Raymundus
1189 2046 1543 2126 O'Bruines,
1591 2055 1651 2113 et
1696 2046 1799 2112 alii
1842 2049 2090 2133 equites,
2120 2069 2374 2133 quorum
2403 1987 2586 2150 aiiqui
2612 2073 2750 2136 pro-

366 2137 495 2222 regi
542 2135 993 2221 responderunt,
1044 2157 1110 2199 se
1150 2157 1277 2200 non
1320 2133 1487 2220 prius
1530 2134 1927 2221 possessiones
1985 2157 2124 2199 suas
2161 2135 2292 2200 aliis
2337 2159 2748 2224 permlssuros,

372 2245 550 2308 quam
578 2223 762 2288 vitam
791 2227 980 2288 morte
1008 2227 1493 2287 commutatur-os.
1582 2218 1680 2285 Ob
1710 2220 1852 2286 alias
1881 2221 2058 2286 etiam
2087 2244 2292 2288 causas
2335 2225 2749 2290 controversiae

412 2309 591 2376 assim
626 2310 917 2375 oriuntur.
1007 2308 1158 2374 Haec
1204 2307 1449 2373 celebris
1476 2307 1637 2392 apud
1678 2307 2022 2373 Convaeum.
2074 2307 2354 2376 Minister
2395 2312 2596 2397 regius
2645 2312 2750 2398 qui

444 2396 701 2462 ariscalis
748 2395 1069 2474 dicebatur,
1119 2397 1389 2480 equitum
1440 2401 1637 2459 turma
1686 2393 1940 2480 stipatus
1989 2394 2128 2474 huc,
2174 2394 2320 2462 illuc
2376 2420 2482 2483 per
2535 2397 2754 2464 itinera

369 2484 662 2548 cursitans
690 2504 827 2547 cum
877 2483 943 2546 in
991 2483 1089 2546 via
1137 2482 1377 2566 publica
1424 2481 1840 2566 pedissequum
1869 2481 2075 2548 Iberni
2123 2485 2342 2568 equitis
2377 2485 2476 2549 cui
2505 2492 2630 2551 erat
2657 2486 2750 2552 in-

368 2571 595 2648 rensm,
624 2567 985 2644 offendisset,
1008 2590 1145 2633 eum
1200 2567 1363 2632 'ubet
1412 2567 1615 2632 exhibe
1624 2590 1686 2631 re
1736 2568 2198 2633 instrumentum
2229 2570 2322 2635 vel
2349 2569 2523 2635 fidem
2553 2573 2750 2658 publi-

372 2679 522 2733 cam,
554 2657 673 2740 qua
721 2661 1037 2733 constaret,
1087 2654 1141 2718 ei
1186 2592 1362 2718 ficere
1405 2653 1725 2718 iterfecere.
1835 2653 1946 2718 Cui
1995 2655 2380 2740 pedissequus
2419 2678 2512 2721 res
2592 2659 2750 2739 ndit,

367 2739 1013 2894 {iffidfflussoesfflfflss
1038 2739 2510 2894 ffffssffiffi‘ssffmtxbsszifflefflffffisssssuiffuff
2529 2745 2752 2896 112⁶?ss

368 2916 526 3002 agris
554 2937 701 2994 csse,
723 2912 829 2980 ubi
858 2921 983 2980 erat
999 2849 1307 2980 qoninibus
1357 2912 1651 2997 cognitus.
1742 2911 1865 2978 Hic
1894 2912 2226 2978 Mariscalis
2253 2848 2753 3002 iionqinterposjitfi.

368 3005 537 3068 mora
578 3002 875 3066 hominem
924 3023 997 3066 ex
1046 2999 1253 3066 arbore
1296 3000 1568 3084 proxima
1609 3000 1860 3085 imperat
1906 3000 2280 3088 suspendere,
2326 3002 2410 3066 sic
2457 3001 2638 3082 ultus,
2699 3004 2750 3070 si

370 3091 491 3177 qua
518 3088 787 3154 molestia
816 3087 891 3154 ab
932 3089 1077 3152 hero
1104 3086 1266 3152 illius
1314 3085 1432 3151 fuit
1480 3086 1742 3151 affectus.
1829 3085 1980 3152 Erat
2009 3089 2164 3153 enim
2195 3088 2334 3153 huic
2361 3088 2564 3174 Anglo
2609 3091 2748 3156 data

410 3184 649 3253 otestas,
703 3197 837 3261 quoe
885 3175 1111 3240 martiae
1150 3173 1301 3260 legis
1351 3172 1567 3258 Anglis
1619 3173 1857 3253 dicitur,
1901 3197 2006 3261 per
2049 3197 2227 3260 quam
2275 3175 2504 3241 indicta
2543 3178 2742 3257 causA,

366 3199 680 3341 iivissima,
715 3263 807 3328 vel
832 3261 999 3326 nulla
1024 3263 1380 3348 suspicione,
1409 3259 1533 3324 ulla
1574 3259 1701 3326 sine
1730 3260 1927 3347 culpa,
1956 3283 2329 3348 quocumque
2358 3261 2551 3329 colore
2579 3271 2744 3350 pote-

366 3357 459 3415 rat
486 3350 785 3415 hominem
832 3355 1019 3414 morte
1041 3349 1313 3435 plectere.
1402 3346 1657 3412 [bernus
1705 3370 1902 3432 aeques
1944 3371 2078 3414 cum
2124 3350 2538 3436 pedissequum
2569 3374 2746 3418 suum

370 3437 585 3522 spiritu
604 3437 727 3522 jam
777 3435 964 3500 effuso
1014 3457 1369 3522 suspensum
1418 3435 1759 3512 invenisset,
1788 3434 1880 3500 ir&
1907 3436 2166 3522 percitus
2194 3435 2398 3502 subdit
2427 3458 2582 3524 equo
2625 3438 2746 3504 cal-

368 3524 542 3604 caria,
602 3531 665 3588 et
719 3522 1136 3609 pedissequum
1175 3520 1476 3586 Mar-iscali
1503 3519 1684 3607 longe
1734 3522 2162 3602 charissimum,
2222 3530 2283 3588 et
2339 3525 2542 3610 magni
2597 3547 2746 3590 usus

368 3618 579 3676 nactus
622 3610 835 3696 laqueo
886 3608 1243 3694 strangulari
1272 3608 1431 3686 facit,
1463 3631 1569 3694 par
1660 3609 1746 3672 ari
1774 3607 2056 3693 pendens.
2146 3607 2328 3680 Quod
2370 3631 2508 3675 cum
2536 3611 2750 3676 fuisset

366 3696 620 3784 protegi,
650 3704 711 3761 et
740 3718 973 3760 summo
1002 3695 1247 3760 consilio
1278 3693 1545 3773 allatum,
1571 3631 1690 3758 iliis
1718 3694 1904 3758 risum
1933 3694 2136 3759 movit.

454 3784 533 3849 In
560 3782 664 3849 illa
690 3781 1001 3847 duodecim
1032 3782 1289 3847 virorum
1323 3780 1557 3860 udicis,
1588 3802 1721 3865 quae
1750 3781 2020 3866 superius
2037 3802 2109 3845 ex
2150 3780 2479 3862 licavimus,
2507 3785 2748 3868 quoties

368 3879 491 3934 tres
519 3868 613 3934 vel
642 3877 897 3955 quatuor
924 3867 1213 3933 Catholici
1262 3891 1297 3932 a
1337 3866 1679 3932 scribuntur
1732 3874 1793 3930 et
1839 3865 1912 3931 de
1939 3803 2249 3948 Catbdiici,
2278 3867 2374 3932 vel
2409 3869 2748 3950 sacerdotis,

369 3955 465 4022 vel
490 3954 625 4021 laici
653 3957 831 4021 causa
858 3956 1073 4038 agitur,
1106 3955 1481 4021 constituunt
1529 3953 1693 4039 prius
1743 3952 1900 4018 fame
1947 3954 2172 4040 perireu
2215 3955 2376 4037 (nam
2420 3955 2562 4021 dum
2585 3957 2748 4043 judi-

368 4043 545 4110 candi
572 4047 925 4128 potestatem
953 4040 1191 4120 habent,
1232 4039 1387 4120 cibo,
1415 4049 1477 4105 et
1526 4047 1677 4127 potu
1718 4039 1838 4104 illis
1886 4040 2158 4106 interdici
2187 4041 2740 4129 demonstravimus)

366 4151 547 4217 quam
576 4136 783 4195 contra
809 4129 1227 4194 conscientiam
1254 4129 1405 4194 ferre
1450 4127 1801 4192 sententiam
1845 4127 1951 4206 ita,
1977 4136 2050 4192 ut
2077 4127 2172 4193 vel
2217 4128 2522 4195 haereticos
2549 4131 2748 4198 inedie

368 4225 608 4370 colactus
635 4217 699 4283 in
742 4237 913 4282 suam
958 4215 1299 4301 opinionem
1346 4213 1603 4292 trabant,
1652 4213 1747 4279 vel
1794 4213 2110 4280 consilium
2153 4237 2220 4280 re
2264 4216 2486 4282 infecta
2527 4217 2746 4282 faciant

364 4329 431 4370 so
456 4329 536 4370 vr.

452 4393 713 4457 Tantum
764 4387 947 4467 abest,
976 4394 1048 4451 ut
1074 4385 1295 4454 Iber-na
1332 4388 1617 4474 juventus
1661 4387 1952 4453 haereticis
1994 4387 2452 4473 praeceptoribus
2507 4411 2744 4476 operam

370 4478 511 4554 det3
556 4479 719 4543 utin
746 4482 973 4544 exteras
1016 4475 1307 4560 regiones,
1350 4482 1413 4539 et
1458 4475 1851 4540 transmarina
1893 4472 2203 4540 seminaria
2243 4475 2418 4540 multi
2467 4475 2746 4544 studendi

369 4567 545 4631 causa
570 4563 1066 4640 mnsmittanmr,
1109 4582 1267 4646 rege,
1312 4581 1580 4647 protege,
1626 4563 1968 4644 caeterisque
2013 4581 2074 4624 re
2122 4561 2190 4626 'is
2218 4561 2502 4628 ministris
2527 4563 2746 4631 frustra

368 4651 782 4731 renitentibus,
811 4657 873 4715 et
897 4649 1067 4734 pueri
1096 4648 1259 4716 domi
1280 4671 1319 4713 a
1332 4646 1695 4733 parentibus,
1714 4653 1778 4710 et
1797 4645 2086 4712 sacerdoti
2127 4671 2198 4712 us
2217 4647 2388 4714 Fdiei
2425 4648 2746 4718 catholicae

372 4735 717 4803 rudimentis
748 4736 1111 4804 excolantur.
1185 4733 1475 4800 Haeretici
1505 4752 1743 4819 quoque
1772 4734 2060 4819 magistri,
2091 4757 2166 4799 ne
2183 4735 2534 4816 mercedem,
2565 4757 2744 4824 quam

370 4843 477 4908 pro
500 4822 747 4890 docendi
775 4845 1021 4890 munere
1048 4821 1302 4890 studiosi
1329 4820 1619 4907 pendunt,
1650 4825 1838 4887 totam
1868 4821 2161 4900 amittant,
2193 4820 2336 4888 dum
2365 4845 2466 4890 eos
2495 4824 2744 4892 studiosi

2766 4011 2946 4080 [2270]
