3634 5842
681 4512 856 4581 [ι3ι.]

847 734 969 797 164
1273 732 1687 800 o'sumvm
1730 754 2047 801 maroam
2090 754 2476 815 cunonem,
2506 754 2654 800 rou.
2700 754 2805 799 111.
2944 736 3102 819 [ms.
3154 754 3230 801 11.

847 905 1063 970 simum
1111 903 1368 973 habebat
1411 907 1717 994 prodente,
1748 914 1810 973 et
1836 909 2038 975 hostes
2090 908 2361 987 ducente,
2413 929 2551 973 cum
2600 907 2804 993 paucis
2846 906 3232 973 familiaribus

844 991 1142 1077 regiorum
1169 993 1554 1061 multitudine
1575 996 2015 1061 circumventus
2036 997 2229 1082 capite
2248 1002 2581 1060 truncatur.
2669 994 2805 1059 Nec
2832 993 2911 1059 ob
2938 994 3003 1059 id
3030 1000 3233 1060 tamen

847 1078 974 1164 ejus
1001 1078 1110 1145 filii
1137 1078 1398 1167 Pelmius
1425 1090 1486 1147 et
1515 1082 1905 1169 Raymundus
1932 1106 2094 1150 arma
2122 1106 2158 1148 a
2185 1089 2351 1170 patre
2380 1091 2543 1147 mota
2571 1081 2915 1147 omiserunt.

1899 1564 2079 1629 CAP.
2126 1564 2207 1629 X.

858 1768 1095 1849 Tirenus
1138 1783 1318 1821 comes
1360 1765 1433 1819 ob
1475 1766 1651 1821 varias
1695 1783 1884 1819 causas
1924 1765 2358 1890 Pffffissmtihu*
2400 1765 2637 1819 infensus
2679 1771 2735 1819 et
2758 1767 2931 1837 magia
2956 1772 3239 1836 suspectus

1910 1854 1971 1889 re
2048 1854 2065 1889 ι
2094 1854 2178 1891 ur.

859 2028 1022 2095 HAEc
1051 2027 1195 2093 dum
1225 2034 1503 2111 aguntur,
1536 2031 1596 2090 et
1633 2024 2005 2089 O'Donellus
2055 2023 2475 2089 Iniskellinnae
2523 2022 2887 2088 obsidionem
2941 2020 3237 2107 producit,

856 2116 1112 2181 Til-onus
1141 2136 1339 2179 comes
1367 2112 1558 2197 magis
1586 2110 1777 2176 indies
1827 2109 2291 2197 protestantibus
2340 2111 2625 2189 infensus,
2656 2117 2718 2176 et
2774 2117 3082 2194 suspectus
3110 2107 3240 2173 red-

861 2202 1043 2267 ditur.
1130 2199 1435 2284 Principio
1465 2198 1544 2263 ob
1573 2198 1881 2263 victoriam
1926 2195 2087 2284 apud
2113 2196 2354 2262 vadum
2404 2197 2571 2262 Prati
2599 2196 2673 2263 de
2701 2197 2842 2263 Mac
2872 2196 3093 2261 Guiere
3134 2193 3241 2259 ob-

858 2294 1088 2353 tentam
1115 2286 1321 2372 gratiae
1349 2308 1386 2350 a
1412 2286 1619 2371 regina
1659 2284 1915 2370 Bagnali
1962 2284 2161 2349 relatae
2207 2290 2369 2363 sunt,
2398 2284 2619 2350 Tirono
2646 2283 2787 2349 verb
2814 2306 2892 2349 ne
2920 2289 3067 2349 actae
3111 2280 3241 2367 qui-

861 2374 1015 2454 dem,
1047 2382 1152 2439 aut
1197 2372 1432 2452 habitae,
1487 2394 1605 2459 quo
1654 2371 1808 2436 nihil
1851 2372 1951 2436 hic
1992 2370 2401 2456 impatientius
2427 2370 2691 2437 ferebat:
2736 2393 2931 2457 neque
2958 2376 3082 2435 tam
3108 2390 3243 2434 cru-

861 2461 1145 2540 ciabatur,
1176 2482 1240 2525 se
1269 2459 1454 2545 digno
1480 2459 1726 2543 proemio
1775 2458 1959 2523 fuisse
2006 2456 2364 2537 fraudatum,
2396 2480 2575 2543 quam
2618 2481 2689 2524 eo
2717 2456 3045 2543 Bagnalem
3073 2478 3243 2521 orna-

861 2558 1013 2627 tum,
1044 2547 1368 2627 loetantem,
1415 2551 1594 2631 atque
1637 2545 2105 2631 triumphantem
2132 2572 2146 2610 :
2192 2544 2415 2631 quippe
2474 2552 2726 2632 uterque
2774 2544 3026 2609 alterum
3074 2543 3241 2607 inex-

862 2632 1131 2723 piabibili
1160 2632 1298 2699 odio
1350 2629 1808 2720 persequebatur
1850 2632 2055 2697 multis
2106 2630 2181 2697 de
2229 2632 2440 2697 causis.
2528 2632 2761 2717 Bagnal
2802 2630 3068 2697 Ultoniae
3094 2651 3247 2717 prae-

863 2726 1058 2788 fectus
1113 2720 1333 2787 Til-ono
1392 2718 1702 2785 videbatur
1756 2718 1825 2784 in
1881 2718 2330 2805 provincialium
2386 2718 2543 2785 bona
2597 2720 2790 2784 facere
2842 2720 3155 2805 impetum,
3184 2739 3219 2781 e

865 2806 1308 2895 prohibebatur.
1395 2806 1650 2873 'Pironus
1691 2805 1973 2891 Bagnalis
2000 2827 2261 2871 sororem
2308 2806 2603 2872 faeminam
2646 2805 2839 2870 forma
2865 2806 3246 2890 conspicuam

867 2896 1086 2983 speciei
1110 2894 1555 2982 pulchritudine
1582 2898 1790 2979 captus
1817 2900 2110 3045 ragpemt,
2132 2893 2506 2961 matrimonio
2526 2891 2643 2959 sibi
2659 2893 3061 2979 conjunxerat,
3084 2898 3147 2955 et
3174 2912 3249 2955 ex

908 2988 1232 3047 rotestaute
1272 2981 1538 3047 converti
1564 2978 1640 3045 ad
1666 2980 1845 3045 fidem

866 3006 1134 3154 {agrale
1161 3068 1402 3134 retineri
1450 3066 1822 3153 querebatur.
1909 3066 2142 3152 Bagnal
2189 3066 2345 3152 saepe
2389 3067 2618 3133 dixerat
2659 3088 2785 3133 non
2832 3074 2957 3132 tam
2985 3064 3249 3131 claritate

868 3155 1070 3221 mariti
1097 3176 1356 3219 sororem
1378 3160 1570 3233 suam,
1601 3160 1663 3218 et
1689 3153 1971 3219 familiam
2018 3175 2146 3218 esse
2174 3154 2524 3234 decoratam,
2554 3176 2732 3240 quam
2760 3153 3019 3240 Papistae
3058 3150 3246 3217 rebel-

870 3241 1051 3320 lione,
1083 3246 1144 3305 et
1171 3240 1418 3327 perfidi&
1446 3262 1572 3305 esse
1600 3238 1760 3305 brevi
1801 3238 2159 3317 fundandam,
2188 3246 2249 3305 et-
2276 3240 2365 3305 illi
2392 3262 2520 3307 esse
2588 3242 2873 3327 rivignos,
2905 3238 3142 3326 quibus,
3184 3246 3247 3303 et

872 3350 999 3393 non
1026 3327 1240 3392 sororis
1269 3349 1392 3392 suae
1417 3325 1637 3406 liberis,
1666 3329 1716 3391 si
1765 3348 1915 3411 quos
1941 3326 2339 3412 progigneret,
2371 3334 2525 3393 esset
2594 3327 2863 3394 aereditas
2891 3327 3251 3413 amplissima

876 3412 1207 3480 deferenda.
1297 3412 1395 3479 Ob
1424 3412 1550 3492 has,
1581 3419 1642 3478 et
1669 3414 1812 3479 alias
1843 3436 2048 3479 causas
2075 3420 2325 3498 uterque
2352 3414 2605 3479 alterum
2630 3415 2697 3480 in
2724 3414 3024 3499 singulare
3064 3422 3249 3479 certa-

875 3524 1016 3567 men
1042 3499 1408 3566 Dubhlinnae
1434 3506 1870 3586 provocaverat,
1893 3503 2379 3586 congressurique
2398 3501 2769 3580 videbantur,
2798 3500 2918 3565 nisi
2944 3498 3019 3565 ab
3042 3500 3255 3585 samicis

878 3594 1400 3655 antevertat-entur.
1489 3586 1654 3652 Hinc
1699 3586 1931 3672 Bagnal
1980 3586 2207 3652 nullam
2256 3588 2734 3655 incommodandi
2782 3588 3024 3667 'I'iron0,
3084 3595 3145 3652 et
3185 3588 3251 3652 in

878 3699 1016 3742 eum
1045 3674 1404 3741 accendendi
1428 3674 1650 3759 reginae
1677 3674 1961 3739 invidiam
2008 3674 2375 3739 occasionem
2403 3675 2909 3761 praetermittebat.
2998 3674 3256 3761 Insuper

877 3762 1099 3827 Tirono
1129 3761 1473 3827 occurrebat
1500 3760 1641 3825 Mac
1669 3762 2011 3847 Magaunus
2060 3760 2285 3826 crudeli
2328 3762 2620 3848 supplicio
2668 3784 2861 3849 nuper
2888 3762 3151 3841 affectus,
3193 3766 3257 3826 et

879 3850 1008 3928 eius
1034 3871 1254 3913 nomen
1274 3848 1634 3914 Parlamenti
1663 3847 1897 3913 decreto
1919 3848 2247 3913 extinctum
2254 3875 2275 3928 3
2305 3848 2521 3934 aliique
2536 3850 2725 3935 princi
2852 3849 3057 3914 Iberni
3078 3848 3255 3913 deleti

879 3936 946 4001 in
973 3944 1234 4001 mentem
1259 3934 1600 4004 veniebant.
1687 3934 1806 4001 Sed
1833 3933 2139 4001 Catholico
2155 3935 2282 3999 viro
2303 3934 2625 4002 Catholicae
2640 3936 2731 4001 Re
2757 3936 2969 4021 'gionis
3012 3935 3255 4002 libertas

878 4020 1176 4109 praecipue
1203 4029 1341 4087 ante
1368 4020 1572 4086 oculos
1599 4020 2037 4087 obversabatur.
2127 4020 2365 4092 Quibus
2414 4030 2476 4088 et
2524 4022 2653 4089 alioe
2699 4022 3061 4108 suspiciones
3102 4020 3255 4087 nove

879 4118 1270 4175 accesserunt.
1356 4108 1396 4172 J
1400 4107 1662 4174 ohannes
1689 4108 1986 4173 O’Nellus
2012 4108 2247 4173 Tironae
2294 4111 2569 4196 princeps
2598 4132 2733 4175 cum
2762 4109 2973 4175 fuisset
2998 4110 3036 4173 a
3064 4109 3257 4174 Scotis

878 4195 1170 4263 militibus
1215 4194 1338 4259 suis
1387 4216 1493 4280 per
1541 4195 1847 4281 perfidiam
1898 4196 2194 4260 extinctus
2247 4196 2341 4279 (ut
2390 4198 2659 4283 superius
2704 4195 3079 4279 tradidimus)
3128 4196 3255 4260 eius

879 4304 1374 4435 fflsstss’ffi
1373 4280 1957 4434 ῗὲἓέῃΐῑέἕὲῗπξῇῗ
1956 4282 2335 4434 Μῖηἳῖἰῖἓέ
2360 4283 2634 4437 3255?ssae
2605 4282 2979 4437 nsssss⁸i1f30⁰³
2968 4290 3259 4456 331¹ss

877 4458 1101 4523 munici
1141 4457 1288 4535 ium,
1306 4456 1527 4541 reginae
1546 4457 1722 4522 etiam
1750 4456 1870 4520 fuit
1890 4455 2223 4521 adiudicata
2242 4478 2313 4521 eo
2333 4458 2593 4537 nomine,
2626 4457 2787 4543 quod
2813 4456 2889 4523 ad
2918 4456 2961 4521 J
2962 4457 3257 4523 ohannem

876 4544 1105 4629 pretine
1147 4549 1228 4623 at,
1257 4550 1319 4608 et
1347 4542 1386 4606 ὲ
1433 4542 1636 4629 regina
1685 4542 1889 4608 comiti
1933 4542 2199 4608 Essexiae
2230 4544 2432 4629 Anglo
2472 4544 2628 4609 dono
2677 4545 2868 4627 datan
2962 4542 3081 4609 Sed
3110 4550 3257 4608 tunc

877 4630 1160 4715 temporis
1187 4650 1380 4717 neque
1408 4630 1763 4717 adjudicatio
1791 4651 1985 4714 neque
2013 4630 2254 4696 donatio
2282 4632 2615 4697 executioni
2658 4630 2934 4698 mandata
2961 4637 3053 4695 est
3081 4630 3258 4697 Ibero

959 4716 1271 4782 ssessiones
1301 4740 1438 4783 suas
1483 4717 1806 4783 obtinente.
1892 4716 2111 4782 Postea
2158 4719 2393 4785 comitis
2442 4718 2621 4784 huius
2670 4720 2789 4785 iam
2838 4719 3057 4784 mortui
3096 4718 3258 4783 filius

931 4802 1150 4867 amiam
1183 4804 1416 4870 cuidam
1447 4805 1488 4869 J
1491 4806 1710 4871 ohanni
1736 4802 1988 4871 Talboto
2018 4804 2468 4891 Anglo-Iberno
2496 4804 2733 4887 locavit,
2763 4805 3167 4889 Talbotusque
3194 4806 3258 4871 in

1957 2979 2237 3045 tholicam
2263 2980 2518 3047 fecerat:
2562 2986 2799 3067 pactam
2826 2978 2940 3044 sibi
2968 2978 3167 3043 dotem
3210 2978 3251 3041 a
