3634 5842
890 729 970 792 28
1316 723 1732 788 o’suntnvam
1776 733 2093 782 maroam
2138 735 2523 795 cai-nouom,
2568 740 2717 788 ron.
2766 742 2810 784 1.
2986 721 3139 810 1an
3190 741 3267 786 11.

891 899 1048 977 veni,
1077 897 1203 962 vidi
1231 903 1422 961 totam
1465 896 1714 960 domum
1763 891 2014 978 liquido,
2064 891 2431 976 ferventique
2482 893 2740 973 metallo,
2794 917 2959 976 aure,
3006 903 3276 982 argento,

893 987 1072 1062 ferro,
1103 983 1371 1071 plumb0,
1401 989 1464 1048 et
1491 982 1608 1047 alio
1635 981 1798 1046 vario
1826 979 2153 1064 impletam,
2184 977 2340 1043 foliis
2370 981 2642 1045 rotundis
2685 990 2867 1069 atque
2908 984 3281 1069 spississimis

897 1072 1109 1151 mistis,
1141 1078 1201 1136 et
1229 1072 1344 1136 hoc
1371 1069 1584 1134 balneo
1622 1069 1729 1152 (ita
1757 1067 1956 1132 Furiis
1998 1064 2337 1151 dicebatur)
2386 1068 2729 1133 innumeros
2765 1068 2960 1136 nudos
3010 1070 3173 1135 ablui
3218 1078 3281 1134 et

900 1161 1144 1226 adverso
1173 1165 1354 1224 vento
1384 1157 1700 1222 durissimo
1729 1154 1939 1240 trajici.

863 1276 872 1284 ·
985 1247 1325 1310 Pennana
1353 1241 1932 1326 nuum—Hujus
1978 1238 2288 1306 atrocitate
2310 1263 2495 1325 paenae
2514 1242 2882 1327 stupefactus
2919 1241 3283 1308 validissimo

901 1333 1066 1398 venti
1095 1332 1244 1397 flatu
1291 1330 1488 1417 rapior
1533 1331 1656 1395 una
1703 1349 1843 1394 cum
1889 1327 2218 1392 Daemoniis
2275 1335 2337 1392 et
2386 1329 2613 1394 caeteris
2670 1335 2835 1394 trans
2884 1337 3149 1396 montem
3206 1331 3285 1396 ad

903 1421 1126 1485 flumen
1182 1417 1548 1505 profundum
1617 1415 1909 1493 faetidum,
1970 1413 2539 1500 gelidissimumque,
2598 1435 2721 1500 quo
2777 1417 3077 1482 innumeri
3132 1439 3285 1504 pene

903 1529 1042 1572 cum
1083 1505 1276 1572 halitu
1325 1505 1693 1591 gravissimo,
1745 1509 1808 1566 et
1857 1501 2096 1586 frigore,
2150 1508 2279 1566 tum
2320 1501 2693 1568 daemonibus
2744 1525 2867 1582 eos,
2916 1505 3021 1589 qui
3078 1506 3284 1590 fugere

905 1591 1291 1672 conabantur,
1339 1599 1508 1656 vasto
1556 1591 1794 1677 gurgite
1840 1589 2267 1674 mergentibus,
2318 1589 2826 1656 excruciabantur.
2947 1589 3130 1660 Quod
3174 1614 3285 1677 ego

903 1681 1232 1767 periculum
1263 1679 1552 1744 declinavi
1581 1678 1622 1742 J
1625 1699 1730 1742 esu
1757 1698 1974 1741 nomen
2006 1676 2376 1760 proferendo.

992 1767 1317 1832 Dommm
1347 1764 1853 1830 rursus—Dein
1876 1787 1909 1826 a
1926 1763 2097 1826 furiis
2118 1764 2496 1848 nequissimis
2524 1765 2600 1830 ad
2620 1764 2907 1829 orientem
2928 1785 3133 1829 versus
3154 1787 3285 1849 rap-

905 1857 1008 1918 tus
1038 1854 1240 1940 aspexi
1261 1853 1471 1938 procul
1498 1853 1804 1936 ingentem
1834 1850 2141 1935 sulphurei
2168 1852 2326 1936 ignis
2346 1851 2641 1918 flammam
2672 1853 2852 1937 longe
2880 1850 3059 1917 altius
3086 1873 3288 1916 ascen-

911 1941 1171 2018 dentem,
1222 1961 1398 2024 quam
1447 1961 1561 2023 ego
1617 1939 1846 2002 intuitu
1894 1939 2178 2023 consequi
2224 1937 2509 2018 valebam,
2556 1939 2823 2004 infinitos
2886 1938 3061 2017 viros,
3109 1945 3291 2023 atque

911 2027 1180 2092 faeminas
1209 2027 1420 2090 misere
1447 2031 1688 2090 exustos
1718 2045 1921 2089 secum
1948 2023 2321 2089 efferentem:
2366 2046 2621 2112 cumque
2650 2027 2740 2090 vis
2780 2027 3033 2090 flammae
3062 2026 3289 2089 minue-

914 2113 1110 2192 batur,
1141 2113 1367 2177 animas
1396 2135 1601 2176 rursus
1630 2110 1837 2176 cadere
1878 2111 1946 2175 in
1970 2111 2190 2195 ignem.
2282 2111 2539 2182 Quando
2568 2113 2835 2198 proxime
2880 2112 3121 2198 perveni
3170 2111 3293 2176 vidi

915 2201 1215 2265 flammam
1241 2199 1404 2264 illam
1447 2221 1520 2264 ex
1573 2219 1791 2282 magno
1838 2203 2041 2283 pute0,
2074 2199 2177 2282 qui
2232 2199 2377 2264 mihi
2437 2223 2610 2265 orcus
2666 2199 2997 2278 videbatur,
3051 2198 3292 2264 effundi.

915 2288 1088 2352 Tunc
1116 2285 1312 2351 Furiae
1343 2307 1584 2350 exorsoe.
1673 2289 1714 2319 “
1737 2284 1861 2348 Hic
1910 2285 2235 2370 inquiunt'’
2280 2295 2499 2372 puteus
2550 2309 2617 2351 os
2679 2295 2771 2352 est
2816 2287 3061 2365 Averni,
3108 2285 3295 2350 domi-

918 2373 1039 2439 cilii
1070 2373 1279 2451 nostri,
1353 2395 1432 2437 uo
1461 2395 1563 2437 eos
1589 2371 1852 2456 hospitio
1901 2371 2236 2456 recipimuS,
2286 2375 2390 2457 qui
2420 2375 2484 2438 in
2526 2373 2754 2441 mundo
2782 2379 2985 2440 nostra
3012 2375 3297 2458 imperata

916 2460 1184 2525 fecerint.
1273 2457 1310 2523 I
1353 2460 1508 2524 circo
1537 2481 1672 2529 cum
1703 2466 1774 2522 tu
1802 2456 1977 2522 nobis
2008 2458 2321 2543 diligenter
2366 2461 2650 2540 servieris,
2702 2460 2995 2545 reliquum
3048 2470 3192 2539 erat,
3232 2465 3299 2522 ut

917 2549 984 2612 in
1013 2548 1128 2612 hoc
1155 2545 1538 2633 profundum,
1568 2544 1979 2624 detrudereriS,
2005 2545 2295 2631 jacturam
2347 2549 2577 2626 animoe,
2607 2548 2988 2633 corporisque
3014 2549 3297 2612 facturus.

920 2633 1218 2698 Caeterum
1245 2639 1370 2697 tam
1403 2633 1502 2698 fidi
1530 2633 1786 2698 ministri
1815 2639 2037 2697 sortem
2064 2633 2161 2718 pie
2191 2633 2451 2699 miserati
2480 2635 2593 2700 tibi
2623 2643 2976 2720 potestatem
3012 2633 3299 2700 redeundi

919 2721 1110 2787 facere
1139 2721 1524 2786 decrevimus.
1615 2719 1813 2791 Quam
1851 2719 2247 2804 aequissimam
2276 2721 2677 2786 conditionem
2708 2723 2758 2786 si
2788 2723 3035 2807 respuis,
3066 2721 3165 2786 hic
3190 2720 3301 2785 tibi

757 2818 901 2886 [27.]
923 2807 1234 2873 nobiscum
1265 2831 1461 2874 carcer
1489 2807 1602 2872 erit
1630 2808 1982 2873 communis.
1996 2809 2021 2889 ΙΙ
2117 2808 2217 2872 Ad
2246 2809 2373 2873 haec
2397 2831 2507 2894 ego
2538 2809 2759 2874 tacitus
2810 2808 3044 2892 nullum
3073 2807 3301 2894 praebui

921 2917 1296 2981 responsum.
1387 2892 1792 2964 Quamobrem
1821 2893 2185 2958 Eumenides
2212 2895 2277 2960 in
2306 2905 2555 2980 puteum
2598 2915 2695 2960 me
2734 2897 3099 2982 praecipitem
3130 2895 3301 2960 dede·

923 2988 1086 3046 runt.
1175 2983 1267 3046 Ac
1296 3003 1408 3067 ego
1439 2981 1700 3066 quidem,
1733 3000 1856 3066 quo
1886 2982 2075 3065 magis
2106 2981 2435 3061 hauriebat,
2483 3005 2553 3047 eo
2584 2983 2991 3048 vehementius
3020 2991 3301 3069 perterre-

924 3067 1050 3147 bar,
1081 3075 1393 3153 propterea
1421 3067 1584 3154 quod
1613 3068 1851 3145 vastior,
1882 3067 2254 3152 profundior,
2284 3070 2535 3154 visuque
2563 3070 2881 3137 terribilior
2908 3076 3125 3156 puteus
3156 3091 3303 3135 sem-

923 3176 1032 3242 per
1075 3153 1439 3218 occurrebat.
1527 3153 1778 3239 Iamque
1805 3159 1974 3218 metu
2002 3161 2063 3218 et
2112 3176 2329 3239 pavore
2378 3157 2702 3242 perculsus,
2747 3159 2946 3223 animo
2973 3157 3303 3242 linquebat,

928 3241 1116 3306 divini
1163 3241 1424 3305 nominis
1469 3239 1692 3304 oblitus
1740 3241 1814 3304 de
1864 3263 1961 3304 me
2010 3247 2210 3305 actum
2256 3241 2560 3328 putabam.
2648 3246 2926 3330 Denique
2966 3253 3166 3309 tamen
3196 3265 3306 3330 ope

927 3327 1191 3393 numinis
1247 3327 1488 3413 adjutus
1517 3332 1963 3392 consternatum
2005 3328 2271 3394 animum
2308 3333 2601 3412 revocavi,
2652 3333 2695 3396 J
2696 3351 2983 3416 esumque
3028 3332 3307 3398 clamavi:

929 3421 992 3480 et
1017 3413 1178 3479 illico
1207 3413 1460 3492 flamma,
1491 3412 1984 3500 rapidissimoque
2012 3421 2191 3480 vento
2220 3437 2295 3481 ex
2322 3418 2443 3482 imo
2472 3420 2771 3504 profundo
2802 3418 3177 3484 venientibus
3206 3417 3312 3484 ob·

933 3501 1086 3566 viam
1113 3502 1180 3565 in
1208 3499 1461 3565 sublime
1489 3500 1763 3587 repulsus
1809 3501 2067 3567 exterius
2116 3502 2193 3567 ad
2236 3510 2487 3589 puteum
2536 3506 2725 3573 cecidi
2752 3507 2932 3586 solus,
2965 3503 3070 3570 diu
3097 3506 3313 3572 mentis

929 3590 1258 3672 incompos,
1289 3595 1350 3653 et
1383 3587 1622 3653 ubinam
1650 3610 1858 3666 essem,
1887 3589 2151 3673 ignarus.

1019 3673 1190 3740 Poivs
1221 3675 1874 3741 mamurra—Alii
1911 3683 2113 3740 tamen
2152 3675 2373 3743 diaboli
2402 3701 2475 3743 ex
2502 3685 2689 3764 puteo
2718 3682 2939 3763 egressi
2980 3681 3067 3746 ita
3108 3703 3205 3746 me
3234 3679 3313 3744 al-

931 3761 1282 3846 loquuntur.
1369 3761 1536 3834 Quid
1587 3763 1714 3850 agis
1759 3763 1859 3828 hic
1902 3764 1992 3828 vir
2034 3763 2271 3848 probe?
2360 3766 2517 3831 Socii
2559 3769 2751 3831 nostri
2790 3767 2955 3833 hunc
2982 3790 3109 3832 esse
3136 3765 3319 3832 Erebi

933 3853 1203 3934 puteum,
1233 3847 1347 3913 tibi
1377 3849 1805 3934 significarunt,
1836 3851 1903 3915 in
1930 3849 2103 3914 illum
2148 3857 2210 3915 te
2260 3854 2718 3939 proecipitantes.
2810 3854 2991 3927 Quod
3034 3854 3109 3920 de
3156 3875 3319 3919 more

935 3935 1203 4011 facimus,
1228 3957 1406 4000 causa
1429 3936 1770 4002 hominibus
1789 3935 2155 4024 imponendi,
2202 3937 2505 4004 Goeterum
2526 3963 2635 4006 nos
2663 3963 2865 4006 revera
2884 3942 2948 4006 in
2975 3941 3319 4007 Tartareum

977 4027 1186 4085 uteum
1215 4028 1276 4086 te
1305 4023 1706 4106 conjiciemus.
1794 4023 2064 4110 Moxque
2092 4045 2189 4088 me
2216 4026 2497 4111 pavidum
2526 4029 2734 4113 procul
2762 4029 2965 4093 ferunt
2990 4028 3067 4094 ad
3102 4029 3323 4093 fiumen

961 4108 1374 4192 ongissimum,
1425 4109 1975 4194 profundissimum,
2034 4111 2493 4178 horrendissimo
2542 4115 2749 4179 foetore
2804 4116 3109 4194 infestum,
3166 4115 3325 4201 ignis

939 4195 1246 4280 sulphurei
1275 4195 1527 4260 flammis
1557 4217 1860 4281 spumans,
1922 4197 2375 4265 Doemoniorum
2392 4199 2585 4267 turbis
2608 4202 3053 4267 confertissimis
3074 4209 3324 4268 scatens.

937 4281 1126 4368 Cujus
1155 4283 1300 4368 ripae
1330 4283 1660 4348 arctissimo
1709 4290 1893 4368 ponte
1934 4283 2361 4370 jungebantur.
2466 4287 2628 4352 Tum
2674 4311 2881 4354 rursus
2932 4290 3019 4354 sic
3076 4290 3328 4354 effantur

940 4373 983 4403 “
1003 4375 1239 4456 oportet
1265 4375 1327 4434 te
1355 4370 1451 4434 vel
1475 4369 1639 4434 hunc
1668 4377 1912 4454 pontem
1940 4371 2207 4456 trajicere
2236 4374 2329 4438 vel
2357 4376 2605 4440 reverti:
2652 4398 2763 4440 nos
2793 4376 3033 4462 quidem
3077 4375 3193 4440 hoe
3218 4371 3331 4440 tibi

940 4455 1430 4536 consuluerimus,
1461 4479 1585 4522 non
1613 4455 1804 4522 illud:
1854 4459 2136 4544 quoniam
2164 4481 2427 4544 proesens
2470 4484 2645 4548 poena
2686 4464 2843 4528 sicut
2870 4469 2961 4528 est
2988 4461 3219 4541 ultima,
3246 4462 3333 4526 ita

941 4543 1054 4606 erit
1090 4541 1467 4609 inevitabilis.
1557 4543 1839 4630 Namque
1884 4545 1989 4610 ubi
2016 4549 2337 4612 tentaveris
2364 4557 2610 4634 pontem
2658 4549 2986 4629 traducere,
3018 4557 3334 4615 ventorum

937 4629 1168 4713 impetu
1195 4653 1228 4695 e
1257 4629 1454 4695 medio
1482 4639 1666 4716 ponte
1710 4632 1777 4697 in
1822 4632 2047 4698 flumen
2094 4633 2277 4698 fueris
2324 4633 2693 4700 deturbatus.
2783 4635 3211 4714 Quamobrem,
3256 4659 3333 4700 ne

937 4737 1091 4778 onus
1113 4716 1336 4782 viribus
1363 4718 1573 4803 impar,
1603 4725 1823 4782 temere
1852 4719 2157 4803 suscipiaS,
2188 4721 2517 4805 periculum
2548 4723 2717 4807 prius
2738 4724 2937 4788 animo
2966 4723 3330 4809 perpende.”

935 4804 1028 4866 Ac
1057 4801 1208 4867 mihi
1239 4804 1480 4888 quidem
1509 4825 1634 4867 rem
1665 4811 1896 4870 attenta
1924 4807 2142 4870 mentis
2171 4807 2295 4870 acie
2322 4808 2581 4874 intuenti
2632 4817 2754 4874 tres
2804 4809 3183 4876 difficultates
3226 4831 3326 4875 ne·

935 4889 1173 4974 gocium
1203 4889 1487 4956 facessere
1511 4889 1863 4956 videbantur
1884 4919 1902 4971 ;
1936 4892 2143 4977 prima,
2163 4914 2315 4978 pons
2342 4895 2468 4978 ipse
2486 4894 2750 4962 lubricus
2768 4919 2839 4961 ex
2858 4896 2999 4984 gelu
3018 4897 3327 4963 confectus
