3634 5842
419 661 554 710 car.
586 647 737 732 νη]
832 669 916 714 ms:
946 671 1389 731 Ριιιωκκτο,
1422 661 1661 724 αυιΝτό
1691 673 2182 720 mnenon-rioms
2211 673 2503 721 unusne.
2682 659 2807 720 325

418 817 650 902 lbet-nos
673 817 939 874 similibus
964 821 1197 894 legibus,
1226 842 1400 896 neque
1424 823 1751 896 Elisabetha
1776 825 1995 896 quidem
2020 825 2211 898 regina
2241 827 2352 881 suis
2372 826 2686 893 adstrinxit,
2708 827 2808 880 etsi

416 889 704 974 ιιι-Λυδῷ,
727 897 961 962 recepte
985 893 1209 949 fuerint.
1242 895 1609 960 Quamobrem
1634 896 1976 967 majestatem
2001 903 2153 949 tuam
2178 899 2404 969 supplex
2430 915 2548 964 oro,
2571 917 2640 952 ne
2665 915 2810 951 nunc

418 968 623 1028 injusta
645 961 754 1014 illis
781 963 984 1018 condas
1008 965 1159 1035 jura,
1185 985 1305 1038 quae
1345 975 1509 1022 antea
1530 985 1675 1039 saepe
1698 975 2046 1030 recusarunt,
2071 976 2128 1021 et
2153 967 2209 1022 in
2233 978 2514 1040 posterum
2540 987 2648 1022 non
2672 968 2809 1022 reci-

416 1047 548 1100 pere
573 1032 993 1089 constituerunt.
1074 1036 1239 1101 Quod
1263 1039 1309 1092 si
1335 1038 1550 1100 feceris,
1575 1049 1639 1093 ut
1673 1057 1974 1110 speramus,
1998 1038 2170 1092 totius
2210 1041 2368 1113 regni
2409 1039 2808 1112 tranquillitate

420 1100 801 1158 florentissima
820 1106 1104 1177 gaudebis.

504 1252 676 1318 Tunc
704 1252 945 1320 cookus
1004 1279 1270 1322 summus
1332 1257 1565 1344 Anglioe
1616 1257 1803 1344 judex
1851 1258 2099 1336 insania,
2151 1265 2212 1323 et
2261 1259 2458 1322 furore
2504 1263 2712 1323 actus:

494 1373 557 1428 Si
580 1373 776 1444 inquit,
800 1391 1007 1430 summe
1029 1393 1148 1439 rex,
1172 1377 1337 1447 hujus
1361 1377 1593 1432 hominis
1616 1377 1870 1448 petitioni
1895 1377 2270 1431 audacissima
2294 1377 2504 1441 annuis,
2528 1385 2804 1448 utrunque

420 1463 651 1517 regnum
692 1463 943 1529 magnam
987 1447 1357 1511 Britanniam,
1394 1457 1452 1502 et
1494 1448 1773 1502 Iberniam
1814 1449 2135 1502 amittimus.
2206 1447 2417 1501 Perdat
2459 1447 2610 1518 prius
2653 1447 2804 1501 Deus

416 1517 557 1570 hanc
581 1517 961 1587 nequissimam
984 1517 1313 1572 Ibernorum
1349 1527 1587 1590 gentem,
1630 1520 1725 1590 qui
1761 1519 2020 1582 efficiunt,
2041 1526 2106 1573 ut
2129 1519 2186 1572 in
2209 1519 2365 1591 regio
2389 1526 2488 1572 tuo
2512 1518 2690 1589 capite
2714 1536 2805 1572 co-

418 1605 556 1642 rona
576 1595 798 1651 tremat,
815 1587 1043 1659 jamjam
1068 1607 1205 1660 pene
1229 1607 1440 1645 casura.

418 1693 697 1778 Sequitur
726 1717 978 1780 magnus
1006 1695 1243 1780 Angliae
1271 1694 1668 1761 chancellaris
1695 1717 1896 1782 regem
1927 1717 2162 1781 rogans,
2190 1701 2263 1760 ut
2311 1693 2805 1780 christophorum

414 1779 724 1866 perfidum,
756 1788 817 1846 et
834 1781 1194 1868 proditorem
1266 1782 1595 1861 ronunciet,
1618 1789 1679 1846 et
1706 1782 1773 1848 in
1799 1781 2064 1856 Londini
2092 1803 2285 1848 arcem
2315 1780 2626 1846 detrudat:
2673 1803 2802 1868 per-

456 1871 597 1931 etuo
634 1869 851 1932 carceri
871 1867 1193 1933 addictum.
1222 1805 1305 1933 {n
1326 1869 1573 1934 eandem
1602 1869 2061 1934 sentententiam
2076 1868 2343 1954 loquitur
2362 1867 2804 1932 cantuariensis

412 1889 1125 2041 Pseudoarchiepiscopus
1153 1955 1392 2040 Angliae
1438 1956 1950 2056 ministroprimas,
1983 1955 2087 2042 qui
2129 1955 2396 2041 longiore
2446 1955 2710 2019 oratione
2737 1955 2802 2018 in

413 2037 665 2105 Ibernos
692 2041 964 2106 invectus
994 2039 1197 2107 subdit
1225 2041 1414 2107 multa
1464 2043 1775 2108 seminaria
1816 2043 1881 2108 in
1913 2041 2224 2128 Hispania,
2257 2041 2470 2120 Gallia,
2502 2048 2564 2105 et
2591 2040 2804 2126 Belgio

412 2127 737 2192 constituta
758 2131 921 2212 essen
957 2128 1237 2194 studiosis
1253 2127 1490 2194 Ibernis
1507 2129 1864 2209 erudiendis,
1889 2129 1992 2214 qui
2006 2131 2198 2217 jussu,
2218 2135 2278 2193 et
2307 2128 2526 2194 auxilio
2556 2149 2800 2192 suorum
2825 2145 3006 2212 [252]

454 2219 743 2292 arentum,
774 2216 1367 2301 consanguineorum,
1398 2223 1460 2281 et
1508 2216 1978 2302 propinquorum
2025 2216 2091 2280 in
2119 2215 2222 2280 illa
2248 2215 2434 2294 missi,
2463 2211 2802 2300 ibidemque

456 2300 623 2365 tteris
650 2299 887 2381 imbuti,
912 2302 1036 2386 jam
1082 2303 1434 2381 sacerdotes,
1463 2303 1693 2382 fratres,
1724 2309 1903 2388 atque
1933 2301 1976 2367 J
1975 2303 2181 2367 esuitae
2233 2302 2374 2367 facti
2403 2302 2470 2366 in
2498 2299 2801 2366 Iberniam

408 2384 870 2466 revertebantur,
902 2396 1206 2473 totamque
1254 2389 1472 2454 crebris
1523 2389 1928 2468 concionibus,
1961 2396 2022 2453 et
2063 2388 2364 2474 Papistica
2414 2388 2684 2453 doctrina
2726 2387 2802 2452 ad

408 2480 627 2551 motus,
672 2473 986 2551 tumultus,
1038 2474 1343 2560 perfidiam
1372 2475 1785 2542 concitabant:
1840 2483 1900 2538 et
1929 2475 1994 2539 in
2021 2475 2234 2560 Belgio
2272 2473 2385 2539 sub
2415 2475 2600 2560 signis
2643 2474 2802 2559 regis

411 2559 723 2642 Hispaniae
752 2559 1117 2646 stipendium
1149 2583 1372 2625 merere
1400 2561 1517 2626 tria
1544 2561 1745 2638 millia,
1777 2559 2103 2644 ampliusve
2133 2561 2391 2625 militum
2421 2559 2798 2640 Ibernorum,

409 2655 471 2712 et
497 2646 653 2711 inter
682 2666 782 2710 eos
800 2647 955 2710 viros
984 2646 1142 2711 claro
1158 2668 1373 2732 genere
1399 2654 1607 2711 natosz
1640 2647 1894 2733 amplius
1923 2645 2104 2724 mille,
2135 2653 2196 2710 et
2224 2645 2370 2710 alios
2390 2645 2454 2710 in
2487 2645 2798 2731 Hispania,

410 2743 471 2800 et
499 2731 705 2796 Romae
734 2755 879 2811 esse,
912 2733 1015 2817 qui
1043 2754 1112 2797 eo
1142 2754 1380 2798 omnem
1430 2733 1854 2818 cogitationem
1902 2733 2311 2810 intendebant,
2342 2739 2412 2795 ut
2449 2731 2601 2796 vires
2643 2733 2800 2814 regis

410 2819 721 2905 Hispaniae
750 2825 1053 2906 augerent,
1085 2820 1179 2884 sui
1206 2839 1349 2884 vero
1379 2818 1663 2886 naturalis
1693 2819 2109 2884 diminuerent.
2196 2821 2456 2884 Arturus
2498 2816 2802 2883 chicester

409 2907 666 2975 Iberniae
694 2928 925 2992 prorex,
956 2907 1061 2993 qui
1090 2905 1417 2972 secundum
1447 2931 1481 2972 a
1509 2929 1646 2992 rege
1662 2907 1861 2972 locum
1883 2904 2210 2984 obtinebat,
2233 2927 2342 2990 pro
2370 2903 2798 2990 christophoro

409 2995 589 3062 verba
616 2993 777 3071 fecit,
806 2993 976 3058 illum
1006 3015 1133 3060 esse
1174 3015 1409 3060 coronae
1454 2995 1660 3073 fidum,
1704 2994 1977 3079 fidisque,
2009 3000 2071 3058 et
2097 2990 2403 3058 nobilibus
2449 2989 2798 3078 parentibus

410 3090 627 3160 ortum,
656 3081 793 3168 plus
821 3081 948 3167 ejus
976 3080 1403 3160 adolescentiae,
1428 3103 1603 3166 quam
1634 3080 1766 3146 aliis
1792 3080 2272 3146 condonandum.
2319 3077 2532 3144 Oaeteri
2560 3098 2798 3165 quoque

408 3169 615 3236 Iberni
666 3176 923 3232 oratores
968 3167 1379 3253 christophori
1428 3189 1777 3254 responsum
1829 3168 2251 3233 confirmarunt
2308 3165 2570 3231 dicentes
2616 3188 2679 3230 se
2722 3162 2797 3230 ab

407 3257 685 3322 universo
730 3253 987 3320 Ibernioe
1031 3277 1216 3340 regno
1262 3255 1327 3319 in
1375 3255 1671 3320 mandatis
1716 3253 1952 3334 habere,
2000 3277 2078 3320 ne
2127 3275 2392 3339 unquam
2429 3276 2464 3317 a
2491 3251 2798 3318 catholica

408 3343 523 3408 fide
568 3349 631 3408 et
676 3340 961 3427 religione
1019 3341 1367 3422 desciscant,
1418 3364 1597 3427 seque
1644 3363 1751 3428 pro
1802 3341 1906 3406 illa
1956 3341 2326 3426 sanguinem,
2387 3339 2439 3404 si
2497 3340 2576 3403 sit
2624 3362 2660 3402 o
2707 3361 2795 3418 us,

408 3433 713 3507 effusuros,
742 3429 1020 3515 idemque
1060 3428 1321 3492 facturos
1349 3451 1554 3494 omnes
1583 3428 1805 3494 Iberno
1836 3450 2050 3513 genere
2091 3439 2281 3492 natos.
2373 3423 2608 3496 Quibus
2633 3361 2796 3490 ifiius

409 3518 523 3582 diei
550 3515 982 3604 parlamentum
1011 3513 1351 3579 dimittitur.
1437 3515 1653 3580 Paucis
1682 3536 1920 3600 quoque
1962 3520 2101 3600 post
2130 3512 2338 3577 diebus
2365 3533 2468 3576 rex
2496 3511 2610 3575 hoc
2641 3511 2796 3575 edic-

406 3612 536 3670 tum
560 3603 733 3691 jubet
760 3600 1142 3689 promulgari,
1174 3625 1210 3667 a
1236 3599 1411 3666 nobis
1440 3599 1555 3665 fide
1584 3623 1841 3666 versum.

1341 3791 1521 3875 Καρία
1548 3792 1846 3856 Edictum.

480 3947 621 4001 cnm
647 3961 767 3999 com
838 3953 987 3998 rtum
1013 3943 1105 4006 sit,
1129 3950 1292 4014 atque
1318 3939 1661 4013 exploratum
1686 3940 1845 3995 nobis
1868 3945 1996 4010 post
2015 3935 2289 4008 publicam
2313 3936 2648 3990 sanctionem
2671 3954 2796 3992 nos-

404 4027 509 4073 trae
532 4019 698 4087 regiae
720 4033 787 4069 vo
808 4015 1035 4077 untatis,
1058 4022 1115 4068 et
1138 4012 1564 4075 constitutionis,
1589 4029 1697 4083 qua
1737 4012 1794 4065 in
1819 4011 1926 4064 isto
1951 4015 2138 4062 nostro
2163 4006 2398 4061 Iberniae
2421 4024 2592 4079 regno
2617 4008 2792 4078 parla-

406 4095 650 4144 mentum
674 4085 861 4140 haberi
879 4084 1171 4155 jussimus=
1210 4083 1499 4138 nonnullos
1524 4083 1779 4154 Papistas
1827 4080 1993 4136 titulo
2017 4078 2468 4150 archiepiscopos,
2495 4078 2676 4150 episco
2713 4097 2793 4142 os,

404 4161 658 4224 decanos,
682 4157 915 4211 vicarios
938 4155 1238 4240 generales,
1261 4155 1299 4208 J
1302 4154 1524 4217 esuitas,
1548 4153 1770 4216 fratres,
1794 4150 2165 4206 seminaristas
2207 4149 2536 4212 sacerdotes,
2561 4157 2618 4203 et
2712 4149 2792 4204 ‘os

403 4231 715 4286 sacerdotes
738 4227 1073 4282 authoritate
1096 4227 1271 4280 aliena
1312 4233 1525 4280 creatos
1548 4243 1584 4279 a
1606 4225 1771 4278 variis
1792 4231 2111 4277 nostrorum
2135 4219 2509 4291 subjectorum
2543 4219 2668 4274 istic
2703 4237 2792 4274 ac-

403 4311 610 4374 ceptos,
634 4309 799 4370 atque
820 4305 1102 4369 protectos
1124 4297 1194 4352 ec
1219 4291 1485 4350 cunctam'
1519 4313 1673 4350 suam
1697 4294 2103 4368 cogitationem,
2129 4299 2294 4362 atque
2315 4289 2582 4345 malitiam
2617 4291 2790 4344 inten-

404 4373 562 4437 disse,
586 4381 651 4426 ut
676 4387 787 4433 eos,
812 4369 905 4456 qui
928 4369 1149 4423 fuerant
1172 4368 1242 4422 ab
1266 4367 1387 4422 illas
1411 4367 1481 4421 ad
1505 4365 1938 4439 amplectendam
1973 4362 2212 4418 eeclesiae
2237 4363 2502 4417 Romane
2525 4362 2789 4433 supersti-

402 4445 605 4498 tionem
630 4444 861 4512 decepti,
886 4439 1294 4501 confirmarent,
1333 4447 1399 4493 ut
1418 4439 1758 4509 parlamento
1799 4437 1925 4490 istic
1955 4452 2132 4505 nuper
2153 4433 2391 4504 incepto,
2419 4441 2476 4487 et
2500 4433 2618 4503 ejus
2652 4433 2790 4488 actis

400 4520 794 4639 ffmpugngens
808 4531 883 4638 :¹⁰
906 4503 2789 4660 Wiffifossffimfflfflffl‘ffihssrssiiiffifffissaffisssst‘ffi‘ffl

402 4604 469 4710 uit
492 4603 807 4711 audaciiiraet:
830 4601 1137 4726 eginrfflnres
1161 4661 1475 4707 nostrorum
1501 4597 1845 4706 subditorulhei
1864 4646 2092 4710 fuerint,
2109 4655 2174 4700 ut
2191 4647 2284 4700 ahi
2301 4663 2419 4710 nos,
2441 4613 2790 4730 nostramquc

404 4725 525 4783 istic
548 4727 751 4800 regiam
771 4726 1093 4799 parlamenti
1112 4724 1321 4780 curiam
1346 4739 1673 4798 magnopere
1698 4719 2024 4793 spreverint,
2050 4727 2106 4773 et
2131 4717 2224 4773 alii
2249 4718 2522 4790 ingentem
2547 4735 2788 4790 pecumae
