3634 5842
915 776 996 839 86
1340 770 1756 839 o’sumvm
1796 786 2110 835 merom
2152 784 2539 846 cartonen,
2566 784 2716 832 τοι.
2758 785 2833 831 11.
3016 769 3173 853 [un.
3194 790 3317 837 111.

913 943 1219 1039 caeperunt
1245 938 1309 1003 in
1328 936 1518 1037 ’regiis
1545 934 1812 1037 vrbibus,
1836 940 1898 1000 et
1926 933 2181 1023 oppidis.
2264 934 2421 1001 Inde
2439 934 2505 999 in
2522 930 2871 1034 lffrincipum
2894 933 3157 1000 ditiones
3174 934 3315 999 hae-

913 1049 1061 1093 retus
1108 1023 1449 1091 incendium
1492 1024 1771 1110 progredi
1828 1024 2027 1089 audet.
2144 1020 2439 1087 Ceterum
2494 1020 2589 1085 his
2630 1018 2750 1085 tmt
2806 1042 3037 1107 semper
3090 1021 3314 1087 fixuae-

915 1122 1096 1198 atque
1105 1110 1535 1264 sessmm
1563 1110 1937 1197 Religionem
1984 1108 2353 1177 catholicam
2401 1107 2577 1187 tueri,
2599 1106 2933 1174 sacerdotes
2974 1113 3315 1195 protegam,

1944 1668 2125 1736 off.
2170 1666 2302 1737 m.

928 1855 1216 1928 Principes
1253 1852 1534 1911 Hibernos
1581 1855 1933 1929 Religionem
1938 1855 2320 1983 ogguthglffnatn
2366 1862 2643 1911 servantes
2690 1854 2860 1928 Angli
2894 1854 3094 1910 sensim
3128 1854 3315 1909 delere

939 2085 1136 2152 Hunc
1177 2080 1534 2151 Ibernorum
1573 2086 1930 2172 optimatum
1985 2108 2127 2173 erga
2153 2085 2521 2153 catholicam
2577 2084 2949 2171 Religionem
2996 2084 3203 2165 fidum,
3248 2094 3312 2150 et

937 2176 1308 2239 constantem
1325 2172 1589 2237 animum
1607 2194 1746 2237 cum
1761 2172 1950 2259 Angli
1977 2173 2357 2259 explorasset,
2400 2194 2892 2273 communemque
2932 2171 3312 2238 rebellionem

772 2264 917 2339 [w]
939 2258 1297 2338 timuissent,
1315 2280 1418 2323 eos
1433 2260 1707 2343 sensim,n
1731 2267 1794 2325 et
1820 2259 2121 2345 sigillatim
2150 2259 2342 2325 delere
2370 2265 2672 2346 ceperunt,
2702 2282 2890 2325 vanas
2906 2260 3311 2325 excusationes

942 2350 1289 2431 quoerentes,
1320 2344 1536 2431 quibus
1577 2345 1936 2431 significaret
1962 2368 2026 2413 se
2052 2368 2178 2411 non
2206 2345 2281 2413 de
2308 2347 2611 2433 religione,
2634 2344 2737 2411 sed
2780 2346 2855 2411 de
2882 2346 3012 2411 aliis
3054 2346 3312 2411 crimini-

939 2434 1076 2512 bus,
1105 2429 1360 2496 maxime
1386 2431 1526 2497 leste
1555 2432 1875 2533 majestatis
1903 2454 2041 2499 cum
2068 2432 2187 2499 illis
2229 2456 2420 2520 agere,
2460 2455 2540 2499 ne
2566 2432 2690 2499 allii
2710 2431 2785 2499 ab
2816 2432 2925 2498 alis
2967 2432 3311 2519 adjuvaren-

939 2524 1060 2597 tur,
1089 2518 1142 2583 si
1161 2540 1338 2585 causa
1365 2540 1716 2600 communis,
1737 2525 1802 2584 et
1826 2519 2127 2606 religionis
2155 2520 2451 2587 videretur
2466 2520 2933 2607 persecutionem
2962 2541 3193 2605 semper
3206 2519 3314 2585 mi-

938 2610 1211 2685 nuentes,
1254 2604 1400 2671 dum
1441 2606 1596 2671 ferro
1622 2628 1718 2671 res
1745 2605 2029 2693 agebatur
2056 2606 2161 2673 sed
2189 2630 2486 2673 armorum
2504 2607 2732 2673 vacatio
2759 2628 2899 2673 cum
2926 2605 3197 2686 dabatur,
3240 2604 3317 2671 ad

936 2692 1248 2779 pristinam
1272 2692 1690 2760 truculentiam
1729 2699 2033 2781 augentes.
2082 2692 2313 2760 Partim
2330 2694 2441 2761 hac
2470 2693 2809 2772 calliditate,
2840 2694 3060 2779 partim
3086 2692 3315 2763 domes-

937 2780 1072 2845 ticis
1091 2778 1262 2845 bellis
1283 2800 1417 2867 quae
1445 2780 1545 2847 alii
1585 2802 1724 2847 cum
1751 2780 1881 2847 aliis
1908 2779 2211 2881 gerebant,
2232 2781 2673 2847 catholicorum
2692 2780 2846 2847 vires
2862 2780 3311 2867 extinguuntur,

941 2864 1319 2933 Clarissimus
1347 2890 1572 2948 eorum,
1624 2869 1728 2954 qui
1747 2867 1863 2933 hac
1890 2868 1997 2935 hte
2024 2868 2119 2934 vel
2156 2869 2478 2955 perierunt,
2505 2867 2603 2933 vel
2631 2866 3082 2947 contenderunt,
3112 2888 3313 2933 eorum

939 2952 1188 3105 aliquia}8
1234 2976 1328 3019 res
1399 2960 1615 3040 gestas,
1687 2955 2037 3040 ruinamque
2108 2954 2424 3021 referemus
2494 2960 2830 3041 temporum
2903 2952 3172 3023 ordinem
3227 2974 3311 3018 se-

941 3060 1098 3123 quen
1191 3088 1208 3103 .

1972 3470 2151 3538 OAP.
2198 3472 2293 3538 IV

1367 3648 1455 3703 De
1494 3648 1851 3706 O'Sullevano
1887 3652 2132 3721 Beati-te,
2168 3662 2225 3709 et
2258 3655 2531 3711 Beantriae
2555 3654 2834 3727 Principe.

945 3816 1287 3883 ancnuo
1347 3814 1470 3881 dux
1497 3817 1736 3904 Anglus
1761 3818 2055 3887 instructa
2080 3823 2220 3888 navi
2250 3822 2367 3889 His
2486 3845 2555 3889 os
2580 3830 2952 3905 mercatores,
2996 3832 3175 3912 atque
3201 3828 3315 3913 pis-

947 3910 1192 3983 catores,
1251 3903 1356 3988 qui
1413 3902 1730 4005 Dunbeam
1792 3914 2031 4007 portum
2078 3908 2389 3995 freqnenta
2428 3916 2533 3977 ant
2574 3911 2820 3990 invadit,
2866 3911 3088 3997 diripit,
3142 3937 3209 3979 ca
3246 3915 3313 3979 it.

947 3989 1134 4056 Illum
1163 3995 1401 4055 secutus
1451 3998 1691 4057 armatis
1741 3992 1969 4079 aliquot
2012 3996 2263 4063 navibus
2292 4019 2438 4063 avus
2480 4018 2647 4063 meus
2674 3998 3024 4086 Dermysius
3052 3936 3317 4067 O’Suile-

947 4098 1136 4141 vanus
1185 4075 1421 4141 Bearrae
1465 4076 1752 4164 Princeps
1774 4101 1843 4145 ca
1884 4080 1952 4160 it,
1982 4088 2043 4146 et
2058 4082 2270 4169 laqueo
2300 4082 2627 4171 suspendit,
2658 4084 2839 4171 idque
2884 4085 3130 4171 impune
3158 4087 3318 4167 fecit,

949 4161 1238 4248 Hispanis
1278 4162 1343 4227 in
1369 4160 1702 4229 libertatem
1727 4165 1831 4231 vin
1877 4167 2106 4233 'catis.·³‘·

1022 4336 1046 4363 *
1085 4334 1333 4389 Der-mod
1384 4334 1706 4391 O’Sullivan
1730 4354 1839 4390 was
1885 4337 2055 4394 killed
2076 4340 2147 4414 by
2170 4358 2241 4395 an
2266 4342 2545 4414 explosion
2570 4341 2637 4398 of
2762 4345 2987 4414 powder
3012 4346 3067 4399 in
3090 4346 3175 4400 his
3199 4362 3321 4400 own

952 4405 1120 4459 castle
1155 4404 1220 4459 of
1229 4405 1491 4480 Dunboy,
1516 4409 1589 4461 A.
1621 4406 1695 4461 D.
1729 4410 2116 4465 1549.—Four
2141 4412 2398 4469 Masters.
2466 4414 2585 4468 Oox
2680 4422 2802 4486 opta
2826 4415 2970 4471 from
2992 4435 3098 4472 our
3122 4416 3325 4472 author

951 4476 1046 4529 the
1069 4477 1346 4534 narrative
1371 4478 1427 4532 in
1451 4478 1545 4533 the
1569 4485 1707 4547 text,
1726 4480 1853 4548 and,
1878 4498 1943 4536 as
1966 4482 2142 4547 usual,
2160 4481 2291 4539 with
2310 4503 2345 4540 a
2378 4484 2680 4557 malignaut
2703 4484 2903 4556 object.
