3634 5842
311 739 446 784 car.
494 713 604 807 11.]
809 735 1073 780 manum
1122 733 1430 784 Quouono
1473 733 1556 776 AB
1602 731 1833 777 Ancus
1877 729 2180 775 oBTEN'rA.
2622 709 2698 771 61

303 890 536 977 joribus
569 890 782 972 victam
819 896 880 953 et
909 887 1154 952 subacta
1171 908 1278 951 suo
1303 886 1454 971 Regi
1483 885 1770 954 Macuillo
1799 884 2159 968 interempto
2188 880 2264 946 ab
2286 879 2509 946 Iberno
2538 882 2696 967 prin·
2714 907 2859 976 [5⁷]

310 980 460 1064 cipe,
492 999 616 1041 non
637 976 822 1041 semel
840 981 1046 1061 postea
1074 979 1255 1057 caput
1274 973 1553 1038 extollere
1592 978 1843 1037 conatus
1863 976 1975 1050 est,
2004 968 2100 1034 vel
2127 968 2393 1054 pristinae
2412 967 2703 1034 libertatis

312 1063 606 1130 desiderio
627 1064 907 1143 excitata,
925 1061 1019 1126 vel
1040 1060 1508 1144 imperitantium
1542 1060 1756 1145 jugum
1781 1053 1995 1122 exosa:
2041 1056 2261 1121 frustra
2302 1062 2524 1135 tamen,
2562 1077 2705 1121 nam

313 1175 432 1238 quo
475 1152 628 1237 jugo
671 1150 854 1216 semel
882 1148 1108 1215 domita
1134 1154 1244 1225 est,
1276 1168 1587 1232 nunquam
1615 1145 1679 1210 id
1699 1144 1900 1232 potuit
1922 1143 2251 1208 discutere:
2298 1148 2360 1208 et
2387 1143 2516 1230 ejus
2552 1143 2709 1208 vires

314 1245 375 1303 et
401 1237 756 1303 rebelliones
785 1259 990 1302 omnes
1019 1233 1093 1300 ab
1124 1231 1361 1299 Ibernis
1406 1238 1674 1298 contusae
1703 1238 1842 1298 ante
1874 1230 2227 1296 Christianae
2254 1230 2407 1296 lucis
2436 1233 2711 1296 exortum

315 1329 774 1390 consenuerunt.
2145 1357 2151 1362 -

1340 1709 1528 1774 CAP.
1577 1707 1669 1774 ΙΙ.

584 1881 888 1936 Catholicae
913 1881 1226 1953 Religionis
1251 1883 1307 1936 in
1336 1881 1560 1938 Ibernia
1587 1880 1877 1945 stabilitas,
1904 1887 1961 1936 et
1981 1881 2445 1952 perturbationes.

315 2022 658 2092 Posmum
687 2045 828 2088 vero
855 2021 1106 2106 majores
1128 2019 1318 2085 nostri
1345 2019 1568 2085 Christi
1598 2017 1793 2104 legem
1816 2025 1963 2084 sunt
1989 2021 2263 2106 amplexi,
2330 2020 2491 2085 Divo
2519 2019 2715 2086 Patri-

315 2110 406 2173 tio
443 2117 829 2196 praeceptore,
889 2109 1123 2173 circiter
1173 2107 1338 2172 A.D.
1400 2105 1857 2185 CCCCXVIII,
1902 2107 1969 2171 in
2012 2113 2222 2172 nostra
2270 2107 2485 2186 insula,
2532 2106 2713 2172 Fides

318 2195 626 2262 Catholica
648 2197 884 2274 Sancta,
907 2201 970 2260 et
989 2192 1293 2272 inviolata,
1325 2194 1774 2278 litterarumque
1803 2193 2071 2260 studium
2090 2215 2197 2279 per
2226 2217 2415 2260 annos
2433 2194 2713 2279 quadrin-

317 2290 554 2366 gentos,
584 2282 700 2348 sub
747 2282 1002 2368 triginta
1030 2280 1224 2346 tribus
1289 2281 1364 2364 (si
1394 2302 1532 2346 vera
1561 2287 1706 2344 sunt
1755 2279 2133 2346 cambrensis
2175 2281 2417 2367 placita)
2470 2280 2713 2367 regibus

317 2368 577 2435 Iberuiae
599 2369 863 2434 floruint.
881 2367 1052 2433 Circa
1073 2367 1234 2432 ΑΒ.
1255 2365 1442 2434 DCC
1450 2366 1763 2446 CXVIII,
1791 2391 1827 2432 a
1844 2367 2055 2447 Danis,
2078 2368 2173 2433 vel
2196 2369 2622 2449 Dianamarcis,
2653 2374 2715 2433 et

315 2455 638 2540 Norvegiis
657 2462 836 2540 gente
861 2462 1010 2520 tunc
1032 2455 1314 2541 temporis
1343 2453 1589 2519 minime
1613 2453 1945 2533 Catholica,
1976 2454 2265 2540 Turgaeio
2286 2455 2457 2535 duce,
2482 2477 2644 2542 oppn
2689 2496 2713 2508 -

309 2551 456 2607 nata
475 2563 582 2627 per
616 2563 806 2606 annos
836 2540 1086 2628 triginta
1113 2541 1490 2605 vehementer
1509 2539 1719 2625 religio
1762 2539 2076 2606 Catholica
2120 2541 2401 2627 affligitur
2433 2568 2447 2607 ε
2492 2477 2717 2628 templa

311 2629 848 2779 Eiss‘ssfflm'sssi
884 2627 1254 2779 ‘lituiffiiss
1282 2626 2719 2796 {tmuifflffssidissfflt'ssssssbffiffiezssssss

625 2763 640 2778 .
2084 2762 2099 2778 .
2693 2763 2714 2793 ,

317 2799 706 2887 expelluntur
733 2827 754 2880 3
799 2806 862 2865 et
903 2799 1100 2864 insula
1120 2798 1195 2864 ab
1225 2821 1295 2864 ea
1321 2797 1635 2884 tyrannide
1682 2799 1750 2862 in
1769 2797 2106 2864 libertatem
2148 2800 2447 2866 vindicata
2464 2801 2539 2866 ad
2606 2801 2717 2866 ris-

317 2889 520 2954 tinum
550 2886 884 2952 Catholicae
911 2885 1220 2972 religionis
1248 2892 1308 2950 et
1335 2883 1671 2950 liberalium
1700 2884 2149 2971 disciplinarum
2179 2892 2403 2952 statum
2430 2894 2491 2952 et
2518 2910 2589 2974 sp
2613 2910 2717 2953 en-

321 2975 528 3040 dorem
556 2972 722 3039 brevi
749 2972 1086 3039 restituitur

407 3061 661 3147 Aliquot
689 3061 862 3129 annis
891 3059 1206 3125 transactis
1235 3081 1308 3123 ex
1338 3058 1558 3124 eisdem
1625 3057 1871 3138 artibus,
1896 3059 2175 3124 nonnulli
2195 3060 2263 3126 in
2281 3060 2583 3128 Iber-niam
2611 3084 2712 3128 ve-

329 3149 510 3214 niunt
557 3149 754 3214 vocati
783 3169 894 3212 sua
947 3146 960 3158 “
1092 3168 1129 3211 a
1157 3145 1506 3225 Oosmanni,
1537 3147 1560 3210 i
1631 3153 1741 3225 est,
1773 3145 2109 3226 orientales,
2140 3147 2380 3214 oriundi
2414 3149 2509 3234 (ut
2537 3149 2717 3214 multi

325 3236 685 3322 conjectant)
722 3234 1028 3320 superstiti
1071 3256 1141 3298 us
1171 3231 1482 3298 Danorum
1533 3239 1596 3298 et
1650 3232 2177 3319 Norvegiensuim,
2208 3236 2313 3320 qui
2358 3237 2425 3301 in
2474 3234 2718 3302 Ibernia

323 3323 638 3408 perierant,
667 3343 794 3387 non
819 3319 1032 3386 bellica
1047 3319 1252 3398 classe,
1282 3340 1408 3384 non
1437 3319 1642 3384 hostili
1669 3321 1889 3400 animo,
1906 3321 2017 3405 (ita
2042 3343 2165 3407 prae
2194 3344 2259 3387 se
2285 3322 2576 3407 ferebant)
2611 3323 2717 3389 sed

325 3409 600 3474 amicitiae
631 3408 824 3494 specie
842 3414 903 3473 et
919 3413 1264 3473 mercaturae
1293 3406 1608 3486 faciendae,
1632 3414 1703 3472 ut
1720 3425 1899 3493 quam
1914 3415 2131 3473 terram
2147 3409 2325 3474 armis
2352 3433 2477 3476 non
2506 3417 2716 3497 potue-

323 3500 467 3560 runt
524 3493 792 3561 obtinere
847 3495 1112 3580 ejusdem
1159 3493 1309 3558 mira
1337 3494 1762 3579 temperatione
1801 3501 1864 3559 et
1890 3493 2192 3560 fertilitate
2220 3499 2482 3582 precario
2508 3496 2719 3561 saltem

325 3584 682 3648 fruerentur.
768 3581 986 3667 Itaque
1015 3579 1090 3646 ab
1120 3579 1358 3646 Ibernis
1387 3579 1829 3645 condendarum
1850 3579 2089 3646 urbium
2119 3581 2288 3646 sedes
2316 3583 2382 3648 in
2408 3583 2719 3648 maritimis

327 3669 466 3748 oris,
519 3675 698 3754 atque
755 3689 980 3733 merces
1035 3666 1388 3752 exportandi
1445 3673 1508 3732 et
1547 3666 1913 3752 importandi
1949 3667 2294 3733 facultatem
2348 3671 2672 3754 impetrant
2702 3697 2717 3736 :

325 3754 707 3842 magnatibus
735 3754 970 3820 Ibernis
985 3753 1278 3819 universae
1305 3753 1471 3838 regni
1501 3752 1844 3839 reipublicoe
1872 3753 2252 3818 commodum
2278 3755 2405 3820 fore
2433 3753 2719 3820 arbitran-

326 3842 513 3921 tibus,
543 3847 616 3907 ut
644 3841 873 3906 externi
903 3861 1005 3905 eos
1031 3839 1264 3905 labores
1293 3839 1583 3918 subirent,
1613 3859 1802 3924 eaque
1840 3839 2192 3904 commercia
2216 3847 2557 3922 tractarent,
2586 3843 2719 3929 qui-

328 3929 443 3994 bus
470 3928 770 4015 indigenae
793 3929 918 3993 otio
948 3926 1154 4004 dediti,
1213 3924 1610 4012 sudoremque
1655 3926 1955 4011 fugientes
2005 3925 2177 4012 pigre
2222 3950 2350 3994 sese
2384 3927 2717 3994 tradebant.

329 4016 486 4082 Cum
543 4037 762 4102 magna
819 4012 1208 4078 multitudine
1237 4013 1580 4094 crevissent,
1635 4010 1935 4098 urbesque
1993 4013 2060 4077 in
2088 4014 2399 4081 maritimis
2425 4014 2720 4102 portubus

327 4103 618 4182 conditas,
660 4101 834 4180 vallo,
863 4101 1140 4185 fossaque
1168 4099 1541 4179 muniissent,
1587 4097 1662 4165 ab
1685 4099 2040 4165 Ibernorum
2072 4099 2474 4168 dominatione
2503 4102 2718 4167 descis-

329 4213 479 4270 cere,
509 4189 824 4275 vectigalia
851 4211 976 4253 non
1031 4185 1287 4272 pendere
1316 4192 1379 4249 et
1407 4185 1702 4252 rebellare·
1717 4193 2040 4273 caeperunt.
2131 4187 2273 4260 Quo
2320 4197 2544 4256 conatu
2598 4189 2719 4254 cito

329 4277 688 4342 destiterunt
730 4277 885 4342 ferro
915 4273 1125 4352 coacti,
1156 4292 1403 4357 seseque
1431 4272 1787 4340 Ibernorum
1816 4274 2156 4360 principum
2183 4275 2427 4342 arbitrio
2475 4276 2720 4362 permit-

327 4369 544 4429 tentes.

415 4449 520 4515 Ita
547 4447 622 4516 ab
652 4449 913 4515 extincto
957 4447 1248 4534 Turgoeio
1277 4469 1468 4532 usque
1509 4447 1586 4513 ad
1603 4471 1831 4514 annum
1872 4449 2105 4514 circiter
2146 4447 2579 4527 MGLXVIII,
2611 4471 2719 4534 per

334 4559 522 4602 annos
550 4543 846 4601 trecentos
874 4543 936 4601 et
960 4559 1082 4614 sex,
1169 4533 1267 4599 lus
1307 4535 1525 4613 minus,
1554 4557 1760 4600 rursus
1789 4535 2096 4601 Catholica
2120 4534 2329 4620 religio
2359 4557 2589 4601 summa
2616 4559 2717 4602 ve-

333 4624 640 4689 neratione
667 4623 830 4688 culta
855 4622 1028 4687 luxit.
1175 4623 1254 4686 tsi
1297 4622 1458 4687 enim
1501 4621 1708 4687 Iberni
1751 4622 1853 4688 alii
1881 4643 2020 4687 cum
2062 4621 2195 4688 aliis
2223 4644 2347 4687 non
2375 4645 2507 4688 raro
2535 4623 2717 4689 intes-

333 4710 460 4775 tina
487 4709 646 4776 bella
715 4709 991 4774 erebant:
1038 4709 1239 4775 omnia
1267 4709 1442 4788 ferro,
1473 4709 1827 4793 flammaque
1869 4707 2295 4789 devastabant3
2340 4722 2539 4776 tamen
2567 4715 2717 4775 tem-

333 4795 450 4881 pla,
501 4818 666 4866 sacer
709 4805 855 4877 otes,
907 4796 1192 4883 theologi,
1240 4796 1283 4861 J
1285 4797 1605 4884 nrisperiti,
1654 4795 2018 4883 philosophi,
2070 4795 2356 4878 historici,
2415 4797 2721 4884 astrologi,
