3634 5842
302 719 439 766 cAP.
488 701 637 786 v11.]
997 721 1077 766 nr.
1121 677 1322 766 senno
1367 719 1732 770 Qumnnom
1777 717 2113 764 Annonem.
2564 699 2687 760 243

301 874 495 960 piunt.
587 874 759 946 Quos
788 871 1241 953 O’SullevanuS,
1272 871 1650 952 O'Conchur,
1679 869 2027 958 Dei-mysius
2070 867 2500 936 O'Sullevanus
2530 876 2696 957 pater

301 983 490 1039 meus,
522 961 858 1026 Gulielmus
887 960 1150 1040 Burkus,
1199 967 1262 1026 et
1289 960 1388 1026 alii
1416 961 1528 1026 viri
1557 959 1787 1024 nobiles
1858 960 2021 1024 aucis
2051 957 2314 1022 comitati
2362 963 2693 1043 sequuntur

303 1047 602 1127 cumillis,
626 1070 776 1134 quos
804 1048 1055 1114 retinere
1082 1071 1206 1113 non
1234 1053 1576 1134 potnerunt,
1601 1047 1786 1112 satius
1852 1053 2091 1110 ucentes
2121 1046 2345 1129 sugere,
2369 1065 2547 1130 quam
2566 1045 2695 1108 sine

301 1133 594 1200 militibus
621 1135 690 1200 in
717 1135 906 1200 hostis
933 1155 1142 1200 manus
1171 1134 1446 1200 incidere.
1534 1134 1634 1199 Ita
1662 1133 2093 1198 O'Sullevanus
2122 1132 2352 1216 Aspera
2392 1131 2543 1196 valle
2571 1130 2696 1217 pel-

303 1220 451 1286 litur
477 1222 581 1286 vix
609 1221 950 1308 quindecim
999 1221 1288 1287 militibus
1335 1221 1697 1300 desideratis,
1742 1226 1803 1284 et
1851 1219 2127 1285 hostibus
2154 1219 2431 1283 trecentis
2459 1219 2521 1284 id
2553 1240 2697 1303 qua-

301 1307 571 1372 triduum
615 1309 790 1388 ferro,
839 1309 1079 1394 frigore,
1127 1307 1455 1396 morboque
1505 1307 1894 1392 consumptis,
1937 1306 2114 1391 Regii
2170 1305 2449 1370 Bearram
2506 1311 2696 1369 totam

307 1394 514 1460 multis
543 1394 758 1495 opibus
786 1396 1211 1482 locupletatum
1233 1397 1562 1474 devastant,
1587 1393 1865 1473 Ardeam,
1896 1399 1957 1457 et
1982 1392 2509 1477 Torrentirupem*
2538 1414 2697 1456 arces

304 1482 372 1546 in
421 1481 783 1548 deditionem
809 1483 934 1548 acci
976 1484 1185 1562 ientes,
1215 1480 1598 1548 O’Sullevani
1647 1501 1850 1559 uxore,
1904 1479 2183 1544 Johanna
2234 1478 2485 1543 Suinnia
2511 1486 2698 1542 matre

307 1568 735 1720 {nembaliisque
759 1569 948 1636 nobili
990 1591 1064 1634 us
1111 1570 1350 1634 feminis
1374 1571 1441 1635 in
1469 1567 1738 1646 saltibus,
1769 1573 1831 1631 et
1858 1566 2152 1631 montium
2176 1565 2340 1650 jugis
2370 1587 2495 1629 sese
2524 1586 2697 1630 occu-

329 1655 454 1720 enti
496 1677 586 1720 us.

1318 1995 1503 2061 CAP.
1548 1995 1700 2062 VII.

312 2168 546 2235 Oarbrii,
573 2175 630 2222 et
653 2167 818 2238 Regii
845 2166 1101 2291 utrirffue
1121 2165 1350 2250 adverso
1371 2165 1556 2250 Marte
1575 2165 1872 2231 dimicantg
1902 2165 2011 2249 duo
2027 2166 2337 2220 sacerdotes
2354 2165 2695 2220 occiduntur.

1027 2255 1092 2291 ac
1121 2238 1298 2293 Moris
1320 2253 1684 2308 possessiones
1709 2244 2037 2308 assequitur.

311 2405 456 2471 Hoc
506 2413 772 2493 tempore
823 2405 942 2470 duo
990 2403 1283 2491 Dionysii,
1337 2413 1398 2468 et
1442 2404 1782 2470 Florentius
1841 2403 1983 2469 Mac
2030 2403 2289 2483 Carrhae,
2349 2405 2701 2492 Dermysius

310 2493 678 2558 O’Driscolis
725 2492 941 2574 filius,ss
975 2491 1270 2558 Thadaeus
1297 2491 1636 2557 O'Mahuni
1680 2490 1909 2556 Carbrii
1956 2491 2132 2571 filius,
2178 2491 2451 2570 MauruS,
2494 2501 2556 2558 et
2606 2494 2705 2558 alii
2726 2513 2905 2582 [188.]

311 2581 541 2665 equites
597 2579 741 2644 Mac
770 2579 1026 2658 Suinnii,
1075 2579 1140 2643 in
1190 2577 1434 2642 Cal-bria
1463 2585 1648 2656 erant,
1680 2579 1745 2642 in
1796 2600 1947 2662 quos
1990 2577 2313 2643 Mauritius
2358 2578 2705 2646 Giraldinus

311 2690 344 2730 e
385 2688 492 2730 ues
550 2668 814 2730 Auratus
871 2664 1085 2743 Albus,
1144 2664 1380 2730 Taaffus
1438 2666 1536 2728 An
1579 2662 1927 2728 lo-Ibernus
1974 2665 2242 2749 equitum
2294 2673 2507 2729 turmae
2559 2665 2701 2745 dux,

386 2753 584 2830 uscrii,
615 2757 676 2816 et
703 2749 1018 2837 Paramuyi
1065 2750 1314 2836 pedites,
1345 2773 1511 2815 noun
1577 2751 1620 2815 li
1666 2749 1873 2836 Angli,
1904 2772 2109 2815 omnes
2139 2751 2371 2816 circiter
2421 2751 2703 2836 quadrin-

311 2839 480 2924 genti
537 2838 898 2904 Coreaeham
952 2861 1015 2902 se
1066 2836 1398 2902 conferunt.
1508 2837 1613 2901 Illi
1670 2843 2031 2902 armatorum
2087 2859 2337 2902 numero
2397 2837 2704 2903 inferiores

313 2931 499 2991 erant.
632 2924 935 3009 Utrinque
1007 2924 1083 2990 ad
1153 2923 1510 2989 Cladacham
1581 2922 1804 3010 sylvam
1889 2945 2101 3009 parum
2186 2923 2463 3010 prospere
2532 2924 2703 2989 dimi-

311 3021 498 3078 catur.
585 3012 792 3077 Priore
820 3011 916 3076 die
943 3011 1238 3076 Thadseus
1267 3010 1546 3076 Muscriis
1651 3009 1875 3075 ditibus
1904 3031 2217 3076 occurrens
2256 3011 2701 3096 quatuordecim

312 3099 548 3178 occidit,
600 3105 843 3164 caeteros
870 3099 938 3162 in
987 3100 1054 3163 fu
1133 3121 1195 3163 m
1223 3103 1476 3163 vertens.
1619 3099 1899 3162 osteriore
1944 3097 2055 3177 die,
2086 3097 2264 3176 idem,
2296 3097 2437 3163 Mac
2465 3097 2703 3164 Carrhae

312 3187 558 3270 equites„
589 3186 957 3272 Dermysius,
988 3192 1049 3250 et
1151 3208 1218 3250 ac
1248 3183 1464 3250 Suinni
1491 3185 1720 3271 equites
1749 3183 2113 3250 offendentes
2140 3184 2442 3270 peditatus
2470 3185 2703 3250 hostilis

311 3272 658 3352 tumultum,
689 3274 920 3339 circiter
949 3272 1338 3358 quadraginta
1365 3272 1747 3337 interficiunt.
1836 3269 2068 3336 Eodem
2097 3277 2397 3336 momento
2428 3271 2527 3337 alii
2556 3272 2698 3338 Mac

312 3357 665 3424 Carrharum
692 3358 920 3444 pedites
951 3359 1218 3445 dissipati
1248 3359 1285 3422 ὲ
1312 3358 1476 3445 regio
1523 3360 1792 3444 equitatu
1845 3359 2231 3424 circumventi
2256 3359 2471 3443 viginti
2497 3360 2701 3424 interi-

311 3453 575 3524 muntur,
607 3447 803 3510 caeteri
829 3446 1184 3510 funduntur.
1272 3445 1659 3531 Fugientium
1687 3445 1870 3530 tergis
1909 3445 2285 3510 vehementer
2310 3446 2495 3510 haeret
2522 3467 2705 3530 eques

311 3533 578 3596 Auratus
607 3531 819 3612 Albus,
851 3539 912 3597 et
938 3532 1004 3596 in
1030 3533 1263 3597 invium
1283 3551 1437 3618 equo
1466 3533 1683 3610 locum,
1713 3531 2040 3596 Thadaeum
2070 3530 2453 3597 O'Cruelium
2482 3554 2701 3617 cogno-

315 3625 518 3684 mento
547 3617 862 3683 Furiosum
891 3625 1129 3684 secutus
1157 3641 1309 3704 equo
1339 3617 1554 3698 desilit,
1571 3619 1845 3704 ferroque
1862 3639 2215 3704 congressus
2237 3617 2472 3684 duobus
2501 3617 2705 3704 digitis

314 3705 480 3770 laevae
506 3727 719 3770 manus
765 3704 1090 3784 annulariO,
1121 3711 1180 3770 et
1209 3705 1558 3770 auriculario
1601 3703 1799 3783 simul,
1831 3712 1891 3769 et
1919 3727 2072 3791 equo
2102 3705 2139 3768 h.
2166 3703 2416 3769 Furioso
2447 3707 2701 3770 exuitur.

317 3791 490 3856 Inter
515 3792 626 3857 hos
673 3791 970 3856 tumultus
1017 3791 1326 3878 Eugenius
1368 3791 1510 3857 Mac
1534 3789 1859 3877 Eoganus†
1888 3791 2302 3875 integerrimae,
2334 3798 2395 3856 et
2420 3791 2703 3857 innoeen-

313 3879 560 3944 tissimae
607 3879 747 3944 vitae
792 3876 1082 3958 sacerdos,
1135 3879 1240 3964 qui
1285 3878 1477 3944 Roma
1521 3899 1713 3963 nuper
1761 3899 2031 3942 reversus
2081 3885 2171 3942 est
2222 3877 2481 3943 doctoris
2527 3901 2705 3944 sacrm

390 4074 415 4100 ‘
454 4071 605 4126 That
627 4071 690 4136 is,
717 4069 1090 4135 Oarriknesse,
1116 4089 1186 4125 on
1211 4071 1305 4125 the
1328 4071 1476 4125 river
1504 4071 1752 4138 Ouvane,
1777 4071 1904 4126 four
1929 4073 2083 4128 miles
2106 4071 2252 4128 from
2278 4073 2457 4128 Bantr
2495 4113 2508 4127 .
2551 4074 2705 4146 They

319 4143 415 4228 did
438 4151 538 4198 not
560 4143 856 4196 sui-render
879 4143 1020 4196 until
1048 4141 1368 4197 O’Sullivan
1386 4143 1494 4197 had
1511 4142 1618 4198 fied
1635 4141 1780 4197 from
1798 4143 2409 4217 Glengariff.--Paeata
2488 4145 2704 4208 aber-nia,

317 4217 704 4352 u·†p⁰86e{⁰⁰the
745 4283 982 4355 English
1023 4291 1260 4338 account
1299 4284 1364 4339 of
1389 4285 1500 4340 this
1539 4293 1915 4358 engagement,
1958 4287 2067 4340 and
2111 4287 2281 4342 Owen
2327 4287 2455 4341 Mac
2499 4285 2707 4359 Egan's

321 4358 505 4421 death,
529 4357 773 4429 ‹Ianuar-y
797 4360 833 4409 5
861 4355 956 4424 (Ο.
995 4355 1104 4426 8.),
1140 4359 1292 4420 1602,
1335 4356 1392 4410 in
1432 4357 1526 4411 the
1566 4357 1770 4412 Pacata
1795 4357 2076 4424 Hibernia,
2101 4359 2158 4413 ii.
2186 4377 2241 4430 p.
2272 4361 2395 4412 661.
2471 4357 2562 4412 He
2598 4375 2707 4412 was

321 4429 518 4482 buried
540 4428 598 4482 in
622 4427 716 4482 the
745 4427 916 4499 abbey
941 4425 1006 4480 of
1036 4427 1410 4500 Timoleague.
1484 4436 1522 4462 “
1537 4427 1606 4480 In
1647 4427 1752 4481 hoc
1795 4438 2067 4482 conventu
2100 4428 2288 4500 jacent
2313 4447 2435 4483 ossa
2473 4429 2531 4485 S.
2560 4429 2709 4485 Mar·-

322 4497 2709 4626 tyrtaei}&effluxere”ssffoe13353‘3‘22‘1fflffi132ffi3⁰23

326 4587 488 4711 magnete
492 4659 525 4693 o
549 4641 796 4712 exemplo
821 4639 1068 4694 caritatis
1111 4648 1166 4693 et
1209 4640 1330 4694 zeli.
1371 4586 1626 4711 Sepupltus
1651 4648 1734 4694 est
1757 4640 1813 4694 in
1838 4641 2079 4695 claustro
2097 4641 2262 4712 juxta
2283 4591 2541 4714 angulum
2567 4643 2707 4697 occi·
2788 4654 2798 4665 '

328 4711 599 4834 deqtglem
641 4719 696 4765 et
733 4711 1127 4782 aquilonarem,
1175 4718 1232 4766 et
1267 4711 1500 4782 desuper
1523 4718 1608 4766 est
1645 4727 1782 4764 crux
1824 4730 1995 4784 parva
2040 4714 2095 4768 in
2131 4713 2709 4796 parietes—Momm

327 4799 381 4850 p-
485 4819 500 4835 ο
