<?xml version="1.0" encoding="UTF-8"?>
<!DOCTYPE html PUBLIC "-//W3C//DTD XHTML 1.0 Transitional//EN"
    "http://www.w3.org/TR/xhtml1/DTD/xhtml1-transitional.dtd">
<html xmlns="http://www.w3.org/1999/xhtml" xml:lang="en" lang="en">
 <head>
  <title>
</title>
<meta http-equiv="Content-Type" content="text/html;charset=utf-8" />
  <meta name='ocr-system' content='tesseract 3.04.00' />
  <meta name='ocr-capabilities' content='ocr_page ocr_carea ocr_par ocr_line ocrx_word'/>
</head>
<body>
  <div class='ocr_page' id='page_1' title='image "./historicatholic00kellgoog_0043.png"; bbox 0 0 3634 5842; ppageno 0'>
   <div class='ocr_carea' id='block_1_1' title="bbox 359 745 2743 835">
    <p class='ocr_par' dir='ltr' id='par_1_1' title="bbox 359 745 2743 835">
     <span class='ocr_line' id='line_1_1' title="bbox 359 745 2743 835; baseline 0.001 -21"><span class='ocrx_word' id='word_1_1' title='bbox 359 770 494 815; x_wconf 59' lang='lat' dir='ltr'>cnr.</span> <span class='ocrx_word' id='word_1_2' title='bbox 527 745 665 835; x_wconf 88' lang='lat'>111.]</span> <span class='ocrx_word' id='word_1_3' title='bbox 1029 769 1114 814; x_wconf 77' lang='lat' dir='ltr'>nn</span> <span class='ocrx_word' id='word_1_4' title='bbox 1161 769 1450 816; x_wconf 60' lang='lat' dir='ltr'>manum</span> <span class='ocrx_word' id='word_1_5' title='bbox 1495 771 1634 816; x_wconf 82' lang='lat' dir='ltr'>srru</span> <span class='ocrx_word' id='word_1_6' title='bbox 1681 771 1756 816; x_wconf 76' lang='lat' dir='ltr'>nr</span> <span class='ocrx_word' id='word_1_7' title='bbox 1797 771 2072 816; x_wconf 74' lang='lat' dir='ltr'>NATURA.</span> <span class='ocrx_word' id='word_1_8' title='bbox 2711 755 2743 816; x_wconf 87' lang='grc'><strong>7</strong></span> 
     </span>
    </p>
   </div>
   <div class='ocr_carea' id='block_1_2' title="bbox 354 921 2761 1792">
    <p class='ocr_par' dir='ltr' id='par_1_2' title="bbox 354 921 2761 1792">
     <span class='ocr_line' id='line_1_2' title="bbox 355 921 2751 1022; baseline 0 -36"><span class='ocrx_word' id='word_1_9' title='bbox 355 944 494 1022; x_wconf 84' lang='lat' dir='ltr'>pars</span> <span class='ocrx_word' id='word_1_10' title='bbox 538 921 765 987; x_wconf 78' lang='lat' dir='ltr'>Insulae</span> <span class='ocrx_word' id='word_1_11' title='bbox 814 921 1145 988; x_wconf 81' lang='lat' dir='ltr'>Britanniae</span> <span class='ocrx_word' id='word_1_12' title='bbox 1197 923 1418 989; x_wconf 90' lang='lat' dir='ltr'>dicitur</span> <span class='ocrx_word' id='word_1_13' title='bbox 1464 923 1847 1007; x_wconf 88' lang='lat' dir='ltr'>aquilonaris,</span> <span class='ocrx_word' id='word_1_14' title='bbox 1896 925 2037 1008; x_wconf 89' lang='lat' dir='ltr'>quia</span> <span class='ocrx_word' id='word_1_15' title='bbox 2079 925 2241 1010; x_wconf 82' lang='lat' dir='ltr'>gens‘</span> <span class='ocrx_word' id='word_1_16' title='bbox 2258 921 2644 1010; x_wconf 79' lang='lat' dir='ltr'>originaliter,</span> <span class='ocrx_word' id='word_1_17' title='bbox 2675 923 2751 987; x_wconf 87' lang='lat' dir='ltr'>ab</span> 
     </span>
     <span class='ocr_line' id='line_1_3' title="bbox 354 1008 2750 1096; baseline 0 -23"><span class='ocrx_word' id='word_1_18' title='bbox 354 1010 488 1074; x_wconf 75' lang='lat' dir='ltr'>istis</span> <span class='ocrx_word' id='word_1_19' title='bbox 516 1015 842 1096; x_wconf 87' lang='lat' dir='ltr'>propagata</span> <span class='ocrx_word' id='word_1_20' title='bbox 870 1017 1086 1075; x_wconf 89' lang='lat' dir='ltr'>terram</span> <span class='ocrx_word' id='word_1_21' title='bbox 1117 1010 1278 1076; x_wconf 90' lang='lat' dir='ltr'>illam</span> <span class='ocrx_word' id='word_1_22' title='bbox 1308 1009 1572 1075; x_wconf 85' lang='lat' dir='ltr'>habitare</span> <span class='ocrx_word' id='word_1_23' title='bbox 1601 1009 2037 1096; x_wconf 86' lang='lat' dir='ltr'>dignoscitur.”</span> <span class='ocrx_word' id='word_1_24' title='bbox 2127 1011 2341 1094; x_wconf 86' lang='lat' dir='ltr'>Itaque</span> <span class='ocrx_word' id='word_1_25' title='bbox 2371 1008 2750 1095; x_wconf 89' lang='lat' dir='ltr'>quemadmo-</span> 
     </span>
     <span class='ocr_line' id='line_1_4' title="bbox 358 1092 2753 1182; baseline 0 -22"><span class='ocrx_word' id='word_1_26' title='bbox 358 1095 504 1160; x_wconf 88' lang='lat' dir='ltr'>dum</span> <span class='ocrx_word' id='word_1_27' title='bbox 555 1095 629 1160; x_wconf 91' lang='lat' dir='ltr'>ab</span> <span class='ocrx_word' id='word_1_28' title='bbox 682 1097 926 1176; x_wconf 89' lang='lat' dir='ltr'>Ibern0,</span> <span class='ocrx_word' id='word_1_29' title='bbox 972 1092 1230 1177; x_wconf 83' lang='lat' dir='ltr'>Ibernia‚</span> <span class='ocrx_word' id='word_1_30' title='bbox 1285 1098 1369 1162; x_wconf 86' lang='lat' dir='ltr'>sic</span> <span class='ocrx_word' id='word_1_31' title='bbox 1419 1099 1598 1162; x_wconf 89' lang='lat' dir='ltr'>etiam</span> <span class='ocrx_word' id='word_1_32' title='bbox 1645 1121 1678 1161; x_wconf 90' lang='lat' dir='ltr'>a</span> <span class='ocrx_word' id='word_1_33' title='bbox 1725 1097 1905 1162; x_wconf 86' lang='lat' dir='ltr'>Scota</span> <span class='ocrx_word' id='word_1_34' title='bbox 1948 1097 2202 1182; x_wconf 85' lang='lat' dir='ltr'>quadam</span> <span class='ocrx_word' id='word_1_35' title='bbox 2233 1097 2525 1163; x_wconf 85' lang='lat' dir='ltr'>Ibernicae</span> <span class='ocrx_word' id='word_1_36' title='bbox 2554 1097 2753 1181; x_wconf 85' lang='lat' dir='ltr'>gentis</span> 
     </span>
     <span class='ocr_line' id='line_1_5' title="bbox 357 1183 2753 1270; baseline -0 -22"><span class='ocrx_word' id='word_1_37' title='bbox 357 1183 666 1269; x_wconf 81' lang='lat' dir='ltr'><strong>genitrice,</strong></span> <span class='ocrx_word' id='word_1_38' title='bbox 685 1184 900 1249; x_wconf 71' lang='lat' dir='ltr'>‘Scotia</span> <span class='ocrx_word' id='word_1_39' title='bbox 920 1184 1124 1249; x_wconf 87' lang='lat' dir='ltr'>eadem</span> <span class='ocrx_word' id='word_1_40' title='bbox 1153 1184 1350 1249; x_wconf 86' lang='lat' dir='ltr'>insula</span> <span class='ocrx_word' id='word_1_41' title='bbox 1378 1184 1495 1249; x_wconf 88' lang='lat' dir='ltr'>fuit</span> <span class='ocrx_word' id='word_1_42' title='bbox 1520 1191 1889 1269; x_wconf 87' lang='lat' dir='ltr'>nuncupata,</span> <span class='ocrx_word' id='word_1_43' title='bbox 1922 1208 2179 1270; x_wconf 90' lang='lat' dir='ltr'>eumque</span> <span class='ocrx_word' id='word_1_44' title='bbox 2202 1185 2409 1250; x_wconf 90' lang='lat' dir='ltr'>Iberni</span> <span class='ocrx_word' id='word_1_45' title='bbox 2438 1185 2753 1270; x_wconf 87' lang='lat' dir='ltr'>septentri-</span> 
     </span>
     <span class='ocr_line' id='line_1_6' title="bbox 361 1270 2757 1357; baseline 0 -22"><span class='ocrx_word' id='word_1_46' title='bbox 361 1270 523 1336; x_wconf 82' lang='lat' dir='ltr'>onali</span> <span class='ocrx_word' id='word_1_47' title='bbox 549 1278 718 1357; x_wconf 89' lang='lat' dir='ltr'>parte</span> <span class='ocrx_word' id='word_1_48' title='bbox 748 1271 1076 1336; x_wconf 59' lang='lat' dir='ltr'>Britanniae</span> <span class='ocrx_word' id='word_1_49' title='bbox 1101 1273 1456 1356; x_wconf 78' lang='lat' dir='ltr'><strong>potirentur,</strong></span> <span class='ocrx_word' id='word_1_50' title='bbox 1489 1272 1545 1336; x_wconf 91' lang='lat' dir='ltr'>ei</span> <span class='ocrx_word' id='word_1_51' title='bbox 1575 1271 1791 1336; x_wconf 83' lang='lat' dir='ltr'>Scotiae</span> <span class='ocrx_word' id='word_1_52' title='bbox 1819 1295 2041 1337; x_wconf 88' lang='lat' dir='ltr'>nomen</span> <span class='ocrx_word' id='word_1_53' title='bbox 2066 1271 2433 1337; x_wconf 86' lang='lat' dir='ltr'>indiderunt.</span> <span class='ocrx_word' id='word_1_54' title='bbox 2526 1271 2625 1335; x_wconf 86' lang='lat' dir='ltr'>Sic</span> <span class='ocrx_word' id='word_1_55' title='bbox 2652 1271 2757 1336; x_wconf 89' lang='lat' dir='ltr'>illa</span> 
     </span>
     <span class='ocr_line' id='line_1_7' title="bbox 361 1357 2517 1456; baseline 0 -34"><span class='ocrx_word' id='word_1_56' title='bbox 361 1357 579 1437; x_wconf 86' lang='lat' dir='ltr'>Ma‘or,</span> <span class='ocrx_word' id='word_1_57' title='bbox 612 1357 739 1423; x_wconf 84' lang='lat' dir='ltr'>haec</span> <span class='ocrx_word' id='word_1_58' title='bbox 768 1358 991 1439; x_wconf 89' lang='lat' dir='ltr'>Minor,</span> <span class='ocrx_word' id='word_1_59' title='bbox 1022 1357 1117 1422; x_wconf 86' lang='lat' dir='ltr'>vel</span> <span class='ocrx_word' id='word_1_60' title='bbox 1145 1359 1324 1424; x_wconf 86' lang='lat' dir='ltr'>Nova</span> <span class='ocrx_word' id='word_1_61' title='bbox 1355 1358 1557 1423; x_wconf 87' lang='lat' dir='ltr'>Scotia</span> <span class='ocrx_word' id='word_1_62' title='bbox 1583 1365 1849 1424; x_wconf 85' lang='lat' dir='ltr'>vocatur.</span> <span class='ocrx_word' id='word_1_63' title='bbox 2312 1443 2326 1456; x_wconf 48' lang='lat'><strong>·</strong></span> <span class='ocrx_word' id='word_1_64' title='bbox 2363 1444 2375 1456; x_wconf 95' lang='lat'>.</span> <span class='ocrx_word' id='word_1_65' title='bbox 2506 1444 2517 1455; x_wconf 36' lang='lat'>⁸</span> 
     </span>
     <span class='ocr_line' id='line_1_8' title="bbox 363 1443 2757 1618; baseline 0 -22"><span class='ocrx_word' id='word_1_66' title='bbox 363 1443 1482 1610; x_wconf 53' lang='lat' dir='ltr'>emtffsseffssgss‚⁰331ff’h2‘222‘ffi‘331&#39;3?</span> <span class='ocrx_word' id='word_1_67' title='bbox 1483 1445 1935 1618; x_wconf 56' lang='lat' dir='ltr'>fflssssffissfffi</span> <span class='ocrx_word' id='word_1_68' title='bbox 1960 1443 2757 1618; x_wconf 51' lang='lat' dir='ltr'>{ffiffsstgssfisszfflffi</span> 
     </span>
     <span class='ocr_line' id='line_1_9' title="bbox 363 1616 2761 1705; baseline 0 -23"><span class='ocrx_word' id='word_1_69' title='bbox 363 1617 526 1683; x_wconf 84' lang='lat' dir='ltr'>Divo</span> <span class='ocrx_word' id='word_1_70' title='bbox 554 1618 808 1683; x_wconf 88' lang='lat' dir='ltr'>Patritio</span> <span class='ocrx_word' id='word_1_71' title='bbox 826 1618 1156 1684; x_wconf 83' lang='lat' dir='ltr'>describere</span> <span class='ocrx_word' id='word_1_72' title='bbox 1185 1620 1410 1705; x_wconf 86' lang='lat' dir='ltr'>putavi,</span> <span class='ocrx_word' id='word_1_73' title='bbox 1444 1641 1593 1704; x_wconf 87' lang='lat' dir='ltr'>quos</span> <span class='ocrx_word' id='word_1_74' title='bbox 1613 1619 1715 1684; x_wconf 91' lang='lat' dir='ltr'>ille</span> <span class='ocrx_word' id='word_1_75' title='bbox 1743 1641 1816 1684; x_wconf 86' lang='lat' dir='ltr'>ex</span> <span class='ocrx_word' id='word_1_76' title='bbox 1838 1620 2023 1683; x_wconf 84' lang='lat' dir='ltr'>veteri</span> <span class='ocrx_word' id='word_1_77' title='bbox 2041 1617 2301 1704; x_wconf 88' lang='lat' dir='ltr'>quodam</span> <span class='ocrx_word' id='word_1_78' title='bbox 2330 1617 2616 1702; x_wconf 77' lang='lat' dir='ltr'>scriptore</span> <span class='ocrx_word' id='word_1_79' title='bbox 2646 1616 2761 1683; x_wconf 88' lang='lat' dir='ltr'>sibi</span> 
     </span>
     <span class='ocr_line' id='line_1_10' title="bbox 367 1705 1168 1792; baseline 0 -22"><span class='ocrx_word' id='word_1_80' title='bbox 367 1706 548 1772; x_wconf 80' lang='lat' dir='ltr'>refert</span> <span class='ocrx_word' id='word_1_81' title='bbox 575 1729 704 1772; x_wconf 88' lang='lat' dir='ltr'>esse</span> <span class='ocrx_word' id='word_1_82' title='bbox 733 1705 1168 1792; x_wconf 85' lang='lat' dir='ltr'>desumptos—</span> 
     </span>
    </p>
   </div>
   <div class='ocr_carea' id='block_1_3' title="bbox 714 1853 2415 2144">
    <p class='ocr_par' dir='ltr' id='par_1_3' title="bbox 714 1853 2415 2144">
     <span class='ocr_line' id='line_1_11' title="bbox 717 1853 2333 1924; baseline 0.002 -16"><span class='ocrx_word' id='word_1_83' title='bbox 717 1855 827 1919; x_wconf 80' lang='lat' dir='ltr'>Qui</span> <span class='ocrx_word' id='word_1_84' title='bbox 844 1853 1092 1924; x_wconf 78' lang='lat' dir='ltr'>jussione</span> <span class='ocrx_word' id='word_1_85' title='bbox 1117 1855 1342 1910; x_wconf 87' lang='lat' dir='ltr'><strong>Domini</strong></span> <span class='ocrx_word' id='word_1_86' title='bbox 1650 1858 1761 1921; x_wconf 79' lang='lat' dir='ltr'>Qui</span> <span class='ocrx_word' id='word_1_87' title='bbox 1786 1859 2041 1912; x_wconf 75' lang='lat' dir='ltr'>tenebras</span> <span class='ocrx_word' id='word_1_88' title='bbox 2060 1857 2333 1912; x_wconf 78' lang='lat' dir='ltr'>idolatriae</span> 
     </span>
     <span class='ocr_line' id='line_1_12' title="bbox 714 1927 2335 2000; baseline 0.001 -20"><span class='ocrx_word' id='word_1_89' title='bbox 714 1927 920 1980; x_wconf 85' lang='lat' dir='ltr'>Missus</span> <span class='ocrx_word' id='word_1_90' title='bbox 945 1927 1018 1980; x_wconf 77' lang='lat' dir='ltr'>ad</span> <span class='ocrx_word' id='word_1_91' title='bbox 1041 1927 1316 1982; x_wconf 85' lang='lat' dir='ltr'>Iberniam</span> <span class='ocrx_word' id='word_1_92' title='bbox 1651 1930 1886 1983; x_wconf 78' lang='lat' dir='ltr'>Scoticae</span> <span class='ocrx_word' id='word_1_93' title='bbox 1909 1929 2087 2000; x_wconf 81' lang='lat' dir='ltr'>gentis</span> <span class='ocrx_word' id='word_1_94' title='bbox 2107 1929 2335 1984; x_wconf 83' lang='lat' dir='ltr'>abstulit</span> 
     </span>
     <span class='ocr_line' id='line_1_13' title="bbox 719 1997 2415 2072; baseline 0.001 -22"><span class='ocrx_word' id='word_1_95' title='bbox 719 1997 856 2060; x_wconf 81' lang='lat' dir='ltr'>Quae</span> <span class='ocrx_word' id='word_1_96' title='bbox 880 1997 1042 2069; x_wconf 85' lang='lat' dir='ltr'>plena</span> <span class='ocrx_word' id='word_1_97' title='bbox 1065 2005 1187 2052; x_wconf 83' lang='lat' dir='ltr'>erat</span> <span class='ocrx_word' id='word_1_98' title='bbox 1211 1998 1383 2053; x_wconf 86' lang='lat' dir='ltr'>Idolis</span> <span class='ocrx_word' id='word_1_99' title='bbox 1648 2001 1732 2053; x_wconf 82' lang='lat' dir='ltr'>Et</span> <span class='ocrx_word' id='word_1_100' title='bbox 1755 2001 2078 2072; x_wconf 78' lang='lat' dir='ltr'>praedicavit</span> <span class='ocrx_word' id='word_1_101' title='bbox 2103 1999 2415 2054; x_wconf 89' lang='lat' dir='ltr'>hominibus</span> 
     </span>
     <span class='ocr_line' id='line_1_14' title="bbox 715 2068 2387 2144; baseline 0.001 -22"><span class='ocrx_word' id='word_1_102' title='bbox 715 2068 880 2122; x_wconf 84' lang='lat' dir='ltr'>Dura</span> <span class='ocrx_word' id='word_1_103' title='bbox 905 2069 1120 2124; x_wconf 83' lang='lat' dir='ltr'>cervice</span> <span class='ocrx_word' id='word_1_104' title='bbox 1135 2069 1422 2124; x_wconf 86' lang='lat' dir='ltr'>incredula.</span> <span class='ocrx_word' id='word_1_105' title='bbox 1647 2071 1847 2126; x_wconf 80' lang='lat' dir='ltr'>Fidem</span> <span class='ocrx_word' id='word_1_106' title='bbox 1871 2072 2139 2144; x_wconf 79' lang='lat' dir='ltr'>praeclaro</span> <span class='ocrx_word' id='word_1_107' title='bbox 2164 2071 2387 2126; x_wconf 85' lang='lat' dir='ltr'>lumine.</span> 
     </span>
    </p>
   </div>
   <div class='ocr_carea' id='block_1_4' title="bbox 367 2213 2766 2893">
    <p class='ocr_par' dir='ltr' id='par_1_4' title="bbox 367 2213 2766 2893">
     <span class='ocr_line' id='line_1_15' title="bbox 373 2213 2761 2303; baseline -0.002 -21"><span class='ocrx_word' id='word_1_108' title='bbox 373 2223 414 2252; x_wconf 91' lang='lat'><strong><em>“</em></strong></span> <span class='ocrx_word' id='word_1_109' title='bbox 432 2217 594 2284; x_wconf 85' lang='lat' dir='ltr'>Ecce</span> <span class='ocrx_word' id='word_1_110' title='bbox 645 2217 894 2283; x_wconf 83' lang='lat' dir='ltr'>Scoticae</span> <span class='ocrx_word' id='word_1_111' title='bbox 943 2218 1181 2303; x_wconf 89' lang='lat' dir='ltr'>gentis”</span> <span class='ocrx_word' id='word_1_112' title='bbox 1231 2219 1429 2303; x_wconf 89' lang='lat' dir='ltr'>inquit</span> <span class='ocrx_word' id='word_1_113' title='bbox 1480 2217 1896 2284; x_wconf 86' lang='lat' dir='ltr'>Stanihurstus</span> <span class='ocrx_word' id='word_1_114' title='bbox 1949 2223 1991 2253; x_wconf 91' lang='lat'><em>“</em></span> <span class='ocrx_word' id='word_1_115' title='bbox 2008 2239 2118 2303; x_wconf 91' lang='lat' dir='ltr'>pro</span> <span class='ocrx_word' id='word_1_116' title='bbox 2162 2215 2471 2282; x_wconf 84' lang='lat' dir='ltr'>Ibernicae‘</span> <span class='ocrx_word' id='word_1_117' title='bbox 2498 2213 2761 2302; x_wconf 74' lang='lat' dir='ltr'>gentiS.”</span> 
     </span>
     <span class='ocr_line' id='line_1_16' title="bbox 372 2301 2764 2390; baseline -0.001 -21"><span class='ocrx_word' id='word_1_118' title='bbox 372 2305 524 2369; x_wconf 82' lang='lat' dir='ltr'>Haec</span> <span class='ocrx_word' id='word_1_119' title='bbox 549 2304 623 2369; x_wconf 90' lang='lat' dir='ltr'>de</span> <span class='ocrx_word' id='word_1_120' title='bbox 653 2305 870 2370; x_wconf 81' lang='lat' dir='ltr'>Scotiae</span> <span class='ocrx_word' id='word_1_121' title='bbox 897 2306 1138 2370; x_wconf 87' lang='lat' dir='ltr'>nomine</span> <span class='ocrx_word' id='word_1_122' title='bbox 1165 2312 1290 2370; x_wconf 87' lang='lat' dir='ltr'>tam</span> <span class='ocrx_word' id='word_1_123' title='bbox 1317 2305 1545 2390; x_wconf 79' lang='lat' dir='ltr'>prolixe</span> <span class='ocrx_word' id='word_1_124' title='bbox 1587 2304 2043 2384; x_wconf 88' lang='lat' dir='ltr'>cumulavimus,</span> <span class='ocrx_word' id='word_1_125' title='bbox 2075 2302 2237 2388; x_wconf 88' lang='lat' dir='ltr'>quod</span> <span class='ocrx_word' id='word_1_126' title='bbox 2265 2303 2441 2368; x_wconf 90' lang='lat' dir='ltr'>multi</span> <span class='ocrx_word' id='word_1_127' title='bbox 2469 2302 2661 2367; x_wconf 87' lang='lat' dir='ltr'>multa</span> <span class='ocrx_word' id='word_1_128' title='bbox 2690 2301 2764 2367; x_wconf 90' lang='lat' dir='ltr'>de</span> 
     </span>
     <span class='ocr_line' id='line_1_17' title="bbox 369 2389 2765 2458; baseline -0.001 -2"><span class='ocrx_word' id='word_1_129' title='bbox 369 2391 614 2457; x_wconf 86' lang='lat' dir='ltr'>Ibernia</span> <span class='ocrx_word' id='word_1_130' title='bbox 635 2390 746 2456; x_wconf 88' lang='lat' dir='ltr'>sub</span> <span class='ocrx_word' id='word_1_131' title='bbox 768 2391 984 2457; x_wconf 82' lang='lat' dir='ltr'>Seotiae</span> <span class='ocrx_word' id='word_1_132' title='bbox 1003 2393 1244 2457; x_wconf 90' lang='lat' dir='ltr'>nomine</span> <span class='ocrx_word' id='word_1_133' title='bbox 1265 2392 1422 2457; x_wconf 77' lang='lat' dir='ltr'>dicta</span> <span class='ocrx_word' id='word_1_134' title='bbox 1439 2394 1506 2457; x_wconf 88' lang='lat' dir='ltr'>in</span> <span class='ocrx_word' id='word_1_135' title='bbox 1525 2392 1941 2458; x_wconf 86' lang='lat' dir='ltr'>vetustissimis</span> <span class='ocrx_word' id='word_1_136' title='bbox 1964 2391 2367 2457; x_wconf 79' lang='lat' dir='ltr'>monumentis</span> <span class='ocrx_word' id='word_1_137' title='bbox 2396 2389 2470 2454; x_wconf 89' lang='lat' dir='ltr'>ad</span> <span class='ocrx_word' id='word_1_138' title='bbox 2503 2389 2765 2454; x_wconf 84' lang='lat' dir='ltr'>Scotiam</span> 
     </span>
     <span class='ocr_line' id='line_1_18' title="bbox 369 2477 2762 2564; baseline -0.001 -20"><span class='ocrx_word' id='word_1_139' title='bbox 369 2479 664 2544; x_wconf 86' lang='lat' dir='ltr'>minorem</span> <span class='ocrx_word' id='word_1_140' title='bbox 709 2501 843 2563; x_wconf 81' lang='lat' dir='ltr'>quae</span> <span class='ocrx_word' id='word_1_141' title='bbox 865 2477 1090 2544; x_wconf 87' lang='lat' dir='ltr'>Albion</span> <span class='ocrx_word' id='word_1_142' title='bbox 1118 2479 1214 2544; x_wconf 86' lang='lat' dir='ltr'>vel</span> <span class='ocrx_word' id='word_1_143' title='bbox 1243 2477 1501 2545; x_wconf 84' lang='lat' dir='ltr'>Albania</span> <span class='ocrx_word' id='word_1_144' title='bbox 1544 2479 1784 2559; x_wconf 88' lang='lat' dir='ltr'>dicitur,</span> <span class='ocrx_word' id='word_1_145' title='bbox 1815 2487 1878 2544; x_wconf 87' lang='lat' dir='ltr'>et</span> <span class='ocrx_word' id='word_1_146' title='bbox 1906 2485 1997 2544; x_wconf 90' lang='lat' dir='ltr'>est</span> <span class='ocrx_word' id='word_1_147' title='bbox 2026 2500 2163 2564; x_wconf 87' lang='lat' dir='ltr'>pars</span> <span class='ocrx_word' id='word_1_148' title='bbox 2192 2477 2542 2556; x_wconf 69' lang='lat' dir='ltr'>Britanniae,</span> <span class='ocrx_word' id='word_1_149' title='bbox 2570 2483 2762 2542; x_wconf 89' lang='lat' dir='ltr'>trans·</span> 
     </span>
     <span class='ocr_line' id='line_1_19' title="bbox 368 2563 2765 2651; baseline -0.002 -20"><span class='ocrx_word' id='word_1_150' title='bbox 368 2567 582 2644; x_wconf 88' lang='lat' dir='ltr'>ferant,</span> <span class='ocrx_word' id='word_1_151' title='bbox 615 2565 956 2648; x_wconf 88' lang='lat' dir='ltr'>multosque</span> <span class='ocrx_word' id='word_1_152' title='bbox 981 2566 1141 2630; x_wconf 86' lang='lat' dir='ltr'>viros</span> <span class='ocrx_word' id='word_1_153' title='bbox 1179 2566 1442 2632; x_wconf 82' lang='lat' dir='ltr'>illustres</span> <span class='ocrx_word' id='word_1_154' title='bbox 1491 2565 1752 2631; x_wconf 83' lang='lat' dir='ltr'>Iberniae</span> <span class='ocrx_word' id='word_1_155' title='bbox 1793 2566 2071 2651; x_wconf 86' lang='lat' dir='ltr'>genitrici</span> <span class='ocrx_word' id='word_1_156' title='bbox 2099 2563 2459 2650; x_wconf 85' lang='lat' dir='ltr'>abjudicent,</span> <span class='ocrx_word' id='word_1_157' title='bbox 2507 2563 2765 2628; x_wconf 88' lang='lat' dir='ltr'>nominis</span> 
     </span>
     <span class='ocr_line' id='line_1_20' title="bbox 367 2648 2764 2750; baseline -0.002 -32"><span class='ocrx_word' id='word_1_158' title='bbox 367 2652 750 2750; x_wconf 76' lang='lat' dir='ltr'>ignoratione</span> <span class='ocrx_word' id='word_1_159' title='bbox 777 2650 1028 2736; x_wconf 85' lang='lat' dir='ltr'>decepti,</span> <span class='ocrx_word' id='word_1_160' title='bbox 1071 2659 1142 2716; x_wconf 89' lang='lat' dir='ltr'>ut</span> <span class='ocrx_word' id='word_1_161' title='bbox 1185 2651 1228 2716; x_wconf 88' lang='lat' dir='ltr'><strong>J</strong></span> <span class='ocrx_word' id='word_1_162' title='bbox 1230 2653 1526 2718; x_wconf 89' lang='lat' dir='ltr'>ohannem</span> <span class='ocrx_word' id='word_1_163' title='bbox 1567 2653 1920 2718; x_wconf 89' lang='lat' dir='ltr'>Dunensem</span> <span class='ocrx_word' id='word_1_164' title='bbox 1951 2652 2199 2717; x_wconf 87' lang='lat' dir='ltr'>Scotum</span> <span class='ocrx_word' id='word_1_165' title='bbox 2226 2648 2764 2750; x_wconf 39' lang='lat' dir='ltr'>doctorem-Subti-</span> 
     </span>
     <span class='ocr_line' id='line_1_21' title="bbox 368 2736 2766 2892; baseline -0.001 -88"><span class='ocrx_word' id='word_1_166' title='bbox 368 2739 510 2892; x_wconf 52' lang='lat' dir='ltr'>lIebm,</span> <span class='ocrx_word' id='word_1_167' title='bbox 542 2737 854 2840; x_wconf 50' lang='lat' dir='ltr'>Seduhum</span> <span class='ocrx_word' id='word_1_168' title='bbox 884 2737 1150 2818; x_wconf 86' lang='lat' dir='ltr'>Scotum,</span> <span class='ocrx_word' id='word_1_169' title='bbox 1182 2745 1244 2803; x_wconf 90' lang='lat' dir='ltr'>et</span> <span class='ocrx_word' id='word_1_170' title='bbox 1273 2739 1419 2804; x_wconf 87' lang='lat' dir='ltr'>alios</span> <span class='ocrx_word' id='word_1_171' title='bbox 1439 2761 1590 2825; x_wconf 91' lang='lat' dir='ltr'>pene</span> <span class='ocrx_word' id='word_1_172' title='bbox 1618 2741 1986 2815; x_wconf 83' lang='lat' dir='ltr'>innumeros,</span> <span class='ocrx_word' id='word_1_173' title='bbox 2040 2740 2144 2824; x_wconf 91' lang='lat' dir='ltr'>qui</span> <span class='ocrx_word' id='word_1_174' title='bbox 2170 2737 2383 2824; x_wconf 88' lang='lat' dir='ltr'>procul</span> <span class='ocrx_word' id='word_1_175' title='bbox 2410 2736 2595 2802; x_wconf 81' lang='lat' dir='ltr'>dubio</span> <span class='ocrx_word' id='word_1_176' title='bbox 2625 2741 2766 2802; x_wconf 86' lang='lat' dir='ltr'>sunt</span> 
     </span>
     <span class='ocr_line' id='line_1_22' title="bbox 451 2850 598 2893; baseline -0.007 -1"><span class='ocrx_word' id='word_1_177' title='bbox 451 2850 598 2893; x_wconf 89' lang='lat' dir='ltr'>erm.</span> 
     </span>
    </p>
   </div>
   <div class='ocr_carea' id='block_1_5' title="bbox 1392 3268 1827 3354">
    <p class='ocr_par' dir='ltr' id='par_1_5' title="bbox 1392 3268 1827 3354">
     <span class='ocr_line' id='line_1_23' title="bbox 1392 3268 1827 3354; baseline -0.002 -2"><span class='ocrx_word' id='word_1_178' title='bbox 1392 3287 1569 3354; x_wconf 83' lang='lat' dir='ltr'>CAP.</span> <span class='ocrx_word' id='word_1_179' title='bbox 1618 3288 1744 3353; x_wconf 92' lang='lat'>111.</span> <span class='ocrx_word' id='word_1_180' title='bbox 1819 3268 1827 3276; x_wconf 71' lang='grc'><em>“</em></span> 
     </span>
    </p>
   </div>
   <div class='ocr_carea' id='block_1_6' title="bbox 1183 3451 1963 3524">
    <p class='ocr_par' dir='ltr' id='par_1_6' title="bbox 1183 3451 1963 3524">
     <span class='ocr_line' id='line_1_24' title="bbox 1183 3451 1963 3524; baseline 0.003 -18"><span class='ocrx_word' id='word_1_181' title='bbox 1183 3453 1270 3506; x_wconf 91' lang='lat' dir='ltr'>De</span> <span class='ocrx_word' id='word_1_182' title='bbox 1297 3451 1530 3508; x_wconf 82' lang='lat' dir='ltr'>Iberniae</span> <span class='ocrx_word' id='word_1_183' title='bbox 1553 3454 1666 3508; x_wconf 85' lang='lat' dir='ltr'>situ</span> <span class='ocrx_word' id='word_1_184' title='bbox 1689 3460 1746 3507; x_wconf 88' lang='lat' dir='ltr'>et</span> <span class='ocrx_word' id='word_1_185' title='bbox 1767 3454 1963 3524; x_wconf 80' lang='lat' dir='ltr'>figura.</span> 
     </span>
    </p>
   </div>
   <div class='ocr_carea' id='block_1_7' title="bbox 379 3600 2774 4999">
    <p class='ocr_par' dir='ltr' id='par_1_7' title="bbox 379 3600 2774 4999">
     <span class='ocr_line' id='line_1_25' title="bbox 385 3600 2770 3686; baseline -0.001 -15"><span class='ocrx_word' id='word_1_186' title='bbox 385 3600 706 3671; x_wconf 67' lang='lat' dir='ltr'>Quffl&#39;rtm</span> <span class='ocrx_word' id='word_1_187' title='bbox 737 3603 812 3670; x_wconf 89' lang='lat' dir='ltr'>ad</span> <span class='ocrx_word' id='word_1_188' title='bbox 840 3603 1097 3670; x_wconf 78' lang='lat' dir='ltr'>Iberniae</span> <span class='ocrx_word' id='word_1_189' title='bbox 1116 3607 1298 3670; x_wconf 90' lang='lat' dir='ltr'>situm</span> <span class='ocrx_word' id='word_1_190' title='bbox 1317 3607 1552 3686; x_wconf 87' lang='lat' dir='ltr'>attinet,</span> <span class='ocrx_word' id='word_1_191' title='bbox 1577 3629 1706 3672; x_wconf 90' lang='lat' dir='ltr'>eam</span> <span class='ocrx_word' id='word_1_192' title='bbox 1734 3606 1892 3672; x_wconf 88' lang='lat' dir='ltr'>inter</span> <span class='ocrx_word' id='word_1_193' title='bbox 1920 3606 2246 3672; x_wconf 89' lang='lat' dir='ltr'>occidentis</span> <span class='ocrx_word' id='word_1_194' title='bbox 2265 3603 2770 3670; x_wconf 83' lang='lat' dir='ltr'>insulas&#39;annume</span> 
     </span>
     <span class='ocr_line' id='line_1_26' title="bbox 381 3689 2770 3778; baseline -0.001 -24"><span class='ocrx_word' id='word_1_195' title='bbox 381 3693 476 3754; x_wconf 86' lang='lat' dir='ltr'>rat</span> <span class='ocrx_word' id='word_1_196' title='bbox 500 3689 804 3770; x_wconf 81' lang='lat' dir='ltr'>AEthicus,</span> <span class='ocrx_word' id='word_1_197' title='bbox 834 3692 900 3756; x_wconf 89' lang='lat' dir='ltr'>in</span> <span class='ocrx_word' id='word_1_198' title='bbox 929 3693 1101 3778; x_wconf 86' lang='lat' dir='ltr'>cujus</span> <span class='ocrx_word' id='word_1_199' title='bbox 1129 3693 1488 3758; x_wconf 88' lang='lat' dir='ltr'>sententiam</span> <span class='ocrx_word' id='word_1_200' title='bbox 1515 3693 1897 3759; x_wconf 86' lang='lat' dir='ltr'>Cambrensis</span> <span class='ocrx_word' id='word_1_201' title='bbox 1925 3693 2181 3778; x_wconf 86' lang='lat' dir='ltr'>pedibus</span> <span class='ocrx_word' id='word_1_202' title='bbox 2208 3693 2339 3756; x_wconf 86' lang='lat' dir='ltr'>ivit.</span> <span class='ocrx_word' id='word_1_203' title='bbox 2396 3689 2770 3774; x_wconf 86' lang='lat' dir='ltr'>Pomponius</span> 
     </span>
     <span class='ocr_line' id='line_1_27' title="bbox 379 3775 2767 3864; baseline 0 -25"><span class='ocrx_word' id='word_1_204' title='bbox 379 3797 520 3840; x_wconf 84' lang='lat' dir='ltr'>vero</span> <span class='ocrx_word' id='word_1_205' title='bbox 549 3775 714 3843; x_wconf 87' lang='lat' dir='ltr'>Mela</span> <span class='ocrx_word' id='word_1_206' title='bbox 739 3778 808 3842; x_wconf 88' lang='lat' dir='ltr'>in</span> <span class='ocrx_word' id='word_1_207' title='bbox 835 3779 1256 3864; x_wconf 79' lang='lat' dir='ltr'>septentrionis</span> <span class='ocrx_word' id='word_1_208' title='bbox 1297 3779 1632 3845; x_wconf 89' lang='lat' dir='ltr'>insularum</span> <span class='ocrx_word' id='word_1_209' title='bbox 1659 3781 1845 3845; x_wconf 89' lang='lat' dir='ltr'>fastos</span> <span class='ocrx_word' id='word_1_210' title='bbox 1874 3781 2071 3844; x_wconf 87' lang='lat' dir='ltr'>refert.</span> <span class='ocrx_word' id='word_1_211' title='bbox 2162 3778 2432 3862; x_wconf 88' lang='lat' dir='ltr'>Uterque</span> <span class='ocrx_word' id='word_1_212' title='bbox 2462 3798 2595 3841; x_wconf 87' lang='lat' dir='ltr'>mea</span> <span class='ocrx_word' id='word_1_213' title='bbox 2678 3777 2767 3840; x_wconf 90' lang='lat' dir='ltr'>ui-</span> 
     </span>
     <span class='ocr_line' id='line_1_28' title="bbox 382 3798 2769 3950; baseline 0 -23"><span class='ocrx_word' id='word_1_214' title='bbox 382 3861 520 3928; x_wconf 90' lang='lat' dir='ltr'>dem</span> <span class='ocrx_word' id='word_1_215' title='bbox 549 3865 844 3929; x_wconf 85' lang='lat' dir='ltr'>sententia</span> <span class='ocrx_word' id='word_1_216' title='bbox 879 3887 1003 3930; x_wconf 92' lang='lat' dir='ltr'>non</span> <span class='ocrx_word' id='word_1_217' title='bbox 1051 3865 1380 3950; x_wconf 80' lang='lat' dir='ltr'>incongrue</span> <span class='ocrx_word' id='word_1_218' title='bbox 1425 3867 1850 3946; x_wconf 85' lang='lat' dir='ltr'>ratiocinatur;</span> <span class='ocrx_word' id='word_1_219' title='bbox 1896 3888 2036 3930; x_wconf 89' lang='lat' dir='ltr'>nam</span> <span class='ocrx_word' id='word_1_220' title='bbox 2064 3866 2221 3930; x_wconf 90' lang='lat' dir='ltr'>inter</span> <span class='ocrx_word' id='word_1_221' title='bbox 2250 3798 2769 3949; x_wconf 52' lang='lat' dir='ltr'>septentrionalem</span> 
     </span>
     <span class='ocr_line' id='line_1_29' title="bbox 381 3947 2769 4038; baseline 0 -24"><span class='ocrx_word' id='word_1_222' title='bbox 381 3947 638 4035; x_wconf 81' lang='lat' dir='ltr'>plagam,</span> <span class='ocrx_word' id='word_1_223' title='bbox 659 3950 1144 4036; x_wconf 89' lang='lat' dir='ltr'>occidentemque</span> <span class='ocrx_word' id='word_1_224' title='bbox 1174 3951 1359 4016; x_wconf 89' lang='lat' dir='ltr'>solem</span> <span class='ocrx_word' id='word_1_225' title='bbox 1374 3952 1552 4038; x_wconf 79' lang='lat' dir='ltr'>jacet,</span> <span class='ocrx_word' id='word_1_226' title='bbox 1581 3953 1849 4037; x_wconf 87' lang='lat' dir='ltr'>undique</span> <span class='ocrx_word' id='word_1_227' title='bbox 1870 3951 2111 4018; x_wconf 88' lang='lat' dir='ltr'>Oceano</span> <span class='ocrx_word' id='word_1_228' title='bbox 2134 3973 2293 4017; x_wconf 90' lang='lat' dir='ltr'>mare</span> <span class='ocrx_word' id='word_1_229' title='bbox 2322 3951 2537 4029; x_wconf 83' lang='lat' dir='ltr'>cincta,</span> <span class='ocrx_word' id='word_1_230' title='bbox 2573 3951 2638 4014; x_wconf 91' lang='lat' dir='ltr'>in</span> <span class='ocrx_word' id='word_1_231' title='bbox 2669 3949 2769 4015; x_wconf 90' lang='lat' dir='ltr'>de-</span> 
     </span>
     <span class='ocr_line' id='line_1_30' title="bbox 382 4036 2767 4124; baseline 0 -24"><span class='ocrx_word' id='word_1_232' title='bbox 382 4036 537 4100; x_wconf 90' lang='lat' dir='ltr'>cimo</span> <span class='ocrx_word' id='word_1_233' title='bbox 567 4038 802 4104; x_wconf 89' lang='lat' dir='ltr'>climate</span> <span class='ocrx_word' id='word_1_234' title='bbox 831 4039 962 4117; x_wconf 76' lang='lat' dir='ltr'>sita,</span> <span class='ocrx_word' id='word_1_235' title='bbox 988 4039 1163 4124; x_wconf 83' lang='lat' dir='ltr'>juxta</span> <span class='ocrx_word' id='word_1_236' title='bbox 1188 4061 1406 4104; x_wconf 83' lang='lat' dir='ltr'>novam</span> <span class='ocrx_word' id='word_1_237' title='bbox 1449 4040 1509 4103; x_wconf 84' lang='lat' dir='ltr'>vi</span> <span class='ocrx_word' id='word_1_238' title='bbox 1557 4041 1666 4104; x_wconf 86' lang='lat' dir='ltr'>‘nti</span> <span class='ocrx_word' id='word_1_239' title='bbox 1692 4039 1876 4104; x_wconf 89' lang='lat' dir='ltr'>trium</span> <span class='ocrx_word' id='word_1_240' title='bbox 1920 4039 2225 4105; x_wconf 87' lang='lat' dir='ltr'>climatum</span> <span class='ocrx_word' id='word_1_241' title='bbox 2254 4036 2519 4104; x_wconf 84' lang='lat' dir='ltr'>tabulam</span> <span class='ocrx_word' id='word_1_242' title='bbox 2550 4061 2586 4102; x_wconf 87' lang='lat' dir='ltr'>a</span> <span class='ocrx_word' id='word_1_243' title='bbox 2608 4038 2632 4122; x_wconf 89' lang='lat' dir='ltr'><strong>j</strong></span> <span class='ocrx_word' id='word_1_244' title='bbox 2638 4038 2767 4101; x_wconf 89' lang='lat' dir='ltr'>uni-</span> 
     </span>
     <span class='ocr_line' id='line_1_31' title="bbox 383 4121 2769 4212; baseline 0.001 -26"><span class='ocrx_word' id='word_1_245' title='bbox 383 4121 591 4188; x_wconf 84' lang='lat' dir='ltr'>oribus</span> <span class='ocrx_word' id='word_1_246' title='bbox 621 4126 976 4191; x_wconf 86' lang='lat' dir='ltr'>astronomis</span> <span class='ocrx_word' id='word_1_247' title='bbox 998 4125 1320 4205; x_wconf 86' lang='lat' dir='ltr'>conditam,</span> <span class='ocrx_word' id='word_1_248' title='bbox 1345 4127 1506 4212; x_wconf 89' lang='lat' dir='ltr'>apud</span> <span class='ocrx_word' id='word_1_249' title='bbox 1585 4135 1774 4192; x_wconf 83' lang='lat' dir='ltr'>atrem</span> <span class='ocrx_word' id='word_1_250' title='bbox 1789 4126 2285 4212; x_wconf 86' lang='lat' dir='ltr'>Christophorum</span> <span class='ocrx_word' id='word_1_251' title='bbox 2324 4125 2596 4190; x_wconf 89' lang='lat' dir='ltr'>Clavium</span> <span class='ocrx_word' id='word_1_252' title='bbox 2624 4123 2769 4188; x_wconf 91' lang='lat' dir='ltr'>rela-</span> 
     </span>
     <span class='ocr_line' id='line_1_32' title="bbox 382 4208 2771 4301; baseline -0 -27"><span class='ocrx_word' id='word_1_253' title='bbox 382 4216 528 4288; x_wconf 90' lang='lat' dir='ltr'>tam,</span> <span class='ocrx_word' id='word_1_254' title='bbox 561 4211 674 4276; x_wconf 87' lang='lat' dir='ltr'>sub</span> <span class='ocrx_word' id='word_1_255' title='bbox 705 4212 1040 4278; x_wconf 87' lang='lat' dir='ltr'>altitudinis</span> <span class='ocrx_word' id='word_1_256' title='bbox 1069 4213 1260 4298; x_wconf 89' lang='lat' dir='ltr'>gradu</span> <span class='ocrx_word' id='word_1_257' title='bbox 1291 4215 1783 4300; x_wconf 87' lang='lat' dir='ltr'>quinquagesimo</span> <span class='ocrx_word' id='word_1_258' title='bbox 1813 4216 2088 4301; x_wconf 81' lang='lat' dir='ltr'>septime,</span> <span class='ocrx_word' id='word_1_259' title='bbox 2117 4213 2273 4299; x_wconf 89' lang='lat' dir='ltr'>plus,</span> <span class='ocrx_word' id='word_1_260' title='bbox 2306 4212 2523 4276; x_wconf 88' lang='lat' dir='ltr'>minus.</span> <span class='ocrx_word' id='word_1_261' title='bbox 2630 4208 2771 4279; x_wconf 80' lang='lat' dir='ltr'>Quo</span> 
     </span>
     <span class='ocr_line' id='line_1_33' title="bbox 381 4294 2770 4388; baseline 0 -28"><span class='ocrx_word' id='word_1_262' title='bbox 381 4295 516 4361; x_wconf 90' lang='lat' dir='ltr'>loeo</span> <span class='ocrx_word' id='word_1_263' title='bbox 531 4296 884 4383; x_wconf 85' lang='lat' dir='ltr'>longissima</span> <span class='ocrx_word' id='word_1_264' title='bbox 902 4299 1048 4379; x_wconf 69' lang='lat' dir='ltr'>dies»,</span> <span class='ocrx_word' id='word_1_265' title='bbox 1070 4323 1205 4365; x_wconf 92' lang='lat' dir='ltr'>cum</span> <span class='ocrx_word' id='word_1_266' title='bbox 1225 4300 1314 4365; x_wconf 86' lang='lat' dir='ltr'>sol</span> <span class='ocrx_word' id='word_1_267' title='bbox 1335 4301 1631 4366; x_wconf 83' lang='lat' dir='ltr'>Cancrum</span> <span class='ocrx_word' id='word_1_268' title='bbox 1656 4303 1923 4388; x_wconf 84' lang='lat' dir='ltr'>attingit,</span> <span class='ocrx_word' id='word_1_269' title='bbox 1940 4301 2102 4366; x_wconf 88' lang='lat' dir='ltr'>horis</span> <span class='ocrx_word' id='word_1_270' title='bbox 2141 4301 2373 4366; x_wconf 88' lang='lat' dir='ltr'>circiter</span> <span class='ocrx_word' id='word_1_271' title='bbox 2399 4303 2536 4362; x_wconf 91' lang='lat' dir='ltr'>octo</span> <span class='ocrx_word' id='word_1_272' title='bbox 2567 4294 2770 4361; x_wconf 87' lang='lat' dir='ltr'>decem</span> 
     </span>
     <span class='ocr_line' id='line_1_34' title="bbox 381 4383 2770 4470; baseline -0.001 -22"><span class='ocrx_word' id='word_1_273' title='bbox 381 4392 656 4450; x_wconf 83' lang='lat' dir='ltr'>constare</span> <span class='ocrx_word' id='word_1_274' title='bbox 683 4385 1049 4470; x_wconf 85' lang='lat' dir='ltr'>perhibetur.</span> <span class='ocrx_word' id='word_1_275' title='bbox 1137 4386 1236 4452; x_wconf 90' lang='lat' dir='ltr'>Ab</span> <span class='ocrx_word' id='word_1_276' title='bbox 1259 4387 1486 4452; x_wconf 89' lang='lat' dir='ltr'>oriente</span> <span class='ocrx_word' id='word_1_277' title='bbox 1501 4388 1742 4454; x_wconf 85' lang='lat' dir='ltr'>hiemali</span> <span class='ocrx_word' id='word_1_278' title='bbox 1771 4389 2008 4455; x_wconf 87' lang='lat' dir='ltr'>obviam</span> <span class='ocrx_word' id='word_1_279' title='bbox 2039 4386 2155 4453; x_wconf 90' lang='lat' dir='ltr'>sibi</span> <span class='ocrx_word' id='word_1_280' title='bbox 2181 4385 2557 4451; x_wconf 85' lang='lat' dir='ltr'>Britanniam</span> <span class='ocrx_word' id='word_1_281' title='bbox 2587 4383 2770 4468; x_wconf 91' lang='lat' dir='ltr'>respi-</span> 
     </span>
     <span class='ocr_line' id='line_1_35' title="bbox 383 4470 2769 4561; baseline -0 -26"><span class='ocrx_word' id='word_1_282' title='bbox 383 4471 468 4535; x_wconf 90' lang='lat' dir='ltr'>cit</span> <span class='ocrx_word' id='word_1_283' title='bbox 515 4480 809 4538; x_wconf 87' lang='lat' dir='ltr'>remotam</span> <span class='ocrx_word' id='word_1_284' title='bbox 853 4475 1035 4539; x_wconf 88' lang='lat' dir='ltr'>unius</span> <span class='ocrx_word' id='word_1_285' title='bbox 1082 4473 1200 4539; x_wconf 89' lang='lat' dir='ltr'>diei</span> <span class='ocrx_word' id='word_1_286' title='bbox 1247 4474 1646 4560; x_wconf 86' lang='lat' dir='ltr'>navigatione,</span> <span class='ocrx_word' id='word_1_287' title='bbox 1699 4498 1774 4541; x_wconf 84' lang='lat' dir='ltr'>ex</span> <span class='ocrx_word' id='word_1_288' title='bbox 1803 4499 1874 4541; x_wconf 91' lang='lat' dir='ltr'>ea</span> <span class='ocrx_word' id='word_1_289' title='bbox 1901 4481 2070 4561; x_wconf 89' lang='lat' dir='ltr'>parte</span> <span class='ocrx_word' id='word_1_290' title='bbox 2117 4496 2251 4560; x_wconf 82' lang='lat' dir='ltr'>quae</span> <span class='ocrx_word' id='word_1_291' title='bbox 2279 4471 2499 4536; x_wconf 89' lang='lat' dir='ltr'>dicitur</span> <span class='ocrx_word' id='word_1_292' title='bbox 2528 4470 2769 4556; x_wconf 86' lang='lat' dir='ltr'>Anglia,</span> 
     </span>
     <span class='ocr_line' id='line_1_36' title="bbox 382 4557 2768 4648; baseline -0.001 -25"><span class='ocrx_word' id='word_1_293' title='bbox 382 4563 552 4642; x_wconf 87' lang='lat' dir='ltr'>parte</span> <span class='ocrx_word' id='word_1_294' title='bbox 577 4581 721 4624; x_wconf 89' lang='lat' dir='ltr'>vero</span> <span class='ocrx_word' id='word_1_295' title='bbox 751 4581 885 4645; x_wconf 83' lang='lat' dir='ltr'>quae</span> <span class='ocrx_word' id='word_1_296' title='bbox 927 4567 1175 4626; x_wconf 86' lang='lat' dir='ltr'>vocatur</span> <span class='ocrx_word' id='word_1_297' title='bbox 1218 4561 1418 4626; x_wconf 87' lang='lat' dir='ltr'>Scotia</span> <span class='ocrx_word' id='word_1_298' title='bbox 1460 4562 1983 4648; x_wconf 87' lang='lat' dir='ltr'>propinquiorem:</span> <span class='ocrx_word' id='word_1_299' title='bbox 2032 4559 2390 4644; x_wconf 85' lang='lat' dir='ltr'>Hispaniam</span> <span class='ocrx_word' id='word_1_300' title='bbox 2432 4559 2615 4622; x_wconf 89' lang='lat' dir='ltr'>trium</span> <span class='ocrx_word' id='word_1_301' title='bbox 2647 4557 2768 4622; x_wconf 91' lang='lat' dir='ltr'>die-</span> 
     </span>
     <span class='ocr_line' id='line_1_37' title="bbox 383 4645 2771 4732; baseline 0 -23"><span class='ocrx_word' id='word_1_302' title='bbox 383 4665 520 4709; x_wconf 89' lang='lat' dir='ltr'>rum</span> <span class='ocrx_word' id='word_1_303' title='bbox 537 4647 916 4732; x_wconf 79' lang='lat' dir='ltr'>navigatione</span> <span class='ocrx_word' id='word_1_304' title='bbox 932 4647 1198 4714; x_wconf 87' lang='lat' dir='ltr'>dissitam</span> <span class='ocrx_word' id='word_1_305' title='bbox 1221 4649 1295 4714; x_wconf 91' lang='lat' dir='ltr'>ab</span> <span class='ocrx_word' id='word_1_306' title='bbox 1315 4650 1540 4713; x_wconf 86' lang='lat' dir='ltr'>Austro</span> <span class='ocrx_word' id='word_1_307' title='bbox 1567 4650 1634 4714; x_wconf 92' lang='lat' dir='ltr'>in</span> <span class='ocrx_word' id='word_1_308' title='bbox 1656 4651 1899 4714; x_wconf 88' lang='lat' dir='ltr'>circium</span> <span class='ocrx_word' id='word_1_309' title='bbox 1929 4653 2175 4714; x_wconf 84' lang='lat' dir='ltr'>ventum</span> <span class='ocrx_word' id='word_1_310' title='bbox 2206 4645 2319 4712; x_wconf 88' lang='lat' dir='ltr'>sibi</span> <span class='ocrx_word' id='word_1_311' title='bbox 2362 4651 2771 4711; x_wconf 88' lang='lat' dir='ltr'>occurrentem</span> 
     </span>
     <span class='ocr_line' id='line_1_38' title="bbox 382 4731 2773 4823; baseline -0.001 -26"><span class='ocrx_word' id='word_1_312' title='bbox 382 4740 614 4818; x_wconf 83' lang='lat' dir='ltr'>spectat</span> <span class='ocrx_word' id='word_1_313' title='bbox 655 4731 1028 4815; x_wconf 87' lang='lat' dir='ltr'>Cantabrico,</span> <span class='ocrx_word' id='word_1_314' title='bbox 1062 4736 1505 4821; x_wconf 86' lang='lat' dir='ltr'>Galletiacoque</span> <span class='ocrx_word' id='word_1_315' title='bbox 1533 4735 1746 4823; x_wconf 86' lang='lat' dir='ltr'>pelago</span> <span class='ocrx_word' id='word_1_316' title='bbox 1772 4737 2026 4815; x_wconf 87' lang='lat' dir='ltr'>intenta,</span> <span class='ocrx_word' id='word_1_317' title='bbox 2072 4734 2315 4820; x_wconf 87' lang='lat' dir='ltr'>parique</span> <span class='ocrx_word' id='word_1_318' title='bbox 2344 4733 2543 4820; x_wconf 85' lang='lat' dir='ltr'>spacio</span> <span class='ocrx_word' id='word_1_319' title='bbox 2564 4739 2773 4796; x_wconf 87' lang='lat' dir='ltr'>contra</span> 
     </span>
     <span class='ocr_line' id='line_1_39' title="bbox 382 4819 2774 4906; baseline -0 -23"><span class='ocrx_word' id='word_1_320' title='bbox 382 4819 860 4904; x_wconf 74' lang='lat' dir='ltr'>Septentrionem</span> <span class='ocrx_word' id='word_1_321' title='bbox 904 4821 1070 4886; x_wconf 84' lang='lat' dir='ltr'>abest</span> <span class='ocrx_word' id='word_1_322' title='bbox 1097 4823 1173 4888; x_wconf 88' lang='lat' dir='ltr'>ab</span> <span class='ocrx_word' id='word_1_323' title='bbox 1202 4824 1470 4891; x_wconf 84' lang='lat' dir='ltr'>Islandia</span> <span class='ocrx_word' id='word_1_324' title='bbox 1495 4823 1710 4902; x_wconf 84' lang='lat' dir='ltr'>insula,</span> <span class='ocrx_word' id='word_1_325' title='bbox 1741 4823 1845 4889; x_wconf 81' lang='lat' dir='ltr'>sed</span> <span class='ocrx_word' id='word_1_326' title='bbox 1874 4823 1949 4889; x_wconf 87' lang='lat' dir='ltr'>ab</span> <span class='ocrx_word' id='word_1_327' title='bbox 1978 4822 2286 4888; x_wconf 87' lang='lat' dir='ltr'>occidente</span> <span class='ocrx_word' id='word_1_328' title='bbox 2314 4819 2682 4906; x_wconf 86' lang='lat' dir='ltr'>apertissimo</span> <span class='ocrx_word' id='word_1_329' title='bbox 2712 4825 2774 4883; x_wconf 92' lang='lat' dir='ltr'>et</span> 
     </span>
     <span class='ocr_line' id='line_1_40' title="bbox 384 4903 2771 4999; baseline -0.001 -29"><span class='ocrx_word' id='word_1_330' title='bbox 384 4904 766 4973; x_wconf 81' lang='lat' dir='ltr'>diffusissimo</span> <span class='ocrx_word' id='word_1_331' title='bbox 792 4907 1005 4995; x_wconf 81' lang='lat' dir='ltr'>pelago</span> <span class='ocrx_word' id='word_1_332' title='bbox 1031 4909 1256 4978; x_wconf 89' lang='lat' dir='ltr'>finitur.</span> <span class='ocrx_word' id='word_1_333' title='bbox 1330 4911 1589 4999; x_wconf 83' lang='lat' dir='ltr'>Pelagus</span> <span class='ocrx_word' id='word_1_334' title='bbox 1609 4911 1983 4980; x_wconf 88' lang='lat' dir='ltr'>Britanniam</span> <span class='ocrx_word' id='word_1_335' title='bbox 2012 4917 2075 4978; x_wconf 91' lang='lat' dir='ltr'>et</span> <span class='ocrx_word' id='word_1_336' title='bbox 2092 4907 2394 4976; x_wconf 89' lang='lat' dir='ltr'>Iberniam</span> <span class='ocrx_word' id='word_1_337' title='bbox 2422 4903 2771 4983; x_wconf 80' lang='lat' dir='ltr'>interluens,</span> 
     </span>
    </p>
   </div>
  </div>
 </body>
</html>
