3634 5842
845 706 965 769 122
1224 704 1638 770 o’sunmwsm
1680 722 1995 769 msrom
2040 722 2425 784 cunonem,
2470 722 2621 770 mu.
2666 721 2741 767 11.
2924 704 3081 788 [ue.
3128 724 3217 769 ιν.

836 876 1028 961 iugum
1050 876 1204 930 vobis
1243 877 1312 931 ab
1351 878 1548 951 Anglis
1589 879 1646 942 S,
1689 876 1763 931 R..
1808 874 1885 929 Ε.
1929 875 2300 930 desertoribus
2340 874 2654 945 impositum
2697 874 2985 947 depellere,
3008 891 3219 931 summo

838 947 1005 1003 ammi
1029 947 1230 1002 ardore
1254 948 1549 1019 cogitabat,
1572 966 1675 1021 pro
1699 946 1849 1001 virili
1884 954 2070 1000 vestra
2110 964 2297 1001 omnes
2320 948 2523 1009 adesse,
2548 963 2779 1017 eumque
2815 954 3011 1001 contra
3032 946 3142 999 Dei
3166 953 3223 1001 et

839 1026 1050 1073 vestros
1091 1017 1276 1073 hostes
1317 1020 1400 1073 ire
1440 1028 1744 1092 parantem,
1785 1016 2041 1089 prompte
2084 1036 2149 1071 ac
2190 1026 2413 1072 strenue
2448 1016 2711 1087 adjuvare
2734 1017 2929 1081 velitis,
2954 1025 3010 1071 et
3034 1036 3142 1088 quo
3166 1016 3223 1071 id

837 1088 1072 1143 alacrius
1096 1089 1403 1157 effeceritis,
1429 1092 1678 1145 omnibus
1716 1089 1969 1144 contritis
2011 1096 2068 1142 et
2106 1088 2383 1151 confessis,
2407 1089 2499 1159 qui
2534 1088 2713 1159 ipsum
2738 1087 2998 1143 Iacobum
3024 1089 3221 1143 ducem

835 1160 1058 1231 eiusque
1081 1162 1383 1216 exercitum
1409 1162 1708 1217 Catholicae
1733 1159 1894 1215 Fidei
1917 1166 2247 1214 assertorem
2272 1167 2329 1213 et
2350 1168 2815 1231 propugnatorem
2854 1161 3069 1229 sequuti
3091 1159 3223 1214 fuis-

835 1238 977 1293 sent,
1000 1238 1058 1285 et
1079 1248 1138 1285 se
1159 1232 1242 1287 illi
1277 1234 1670 1299 adiunxissent,
1715 1240 1812 1287 aut
1854 1230 2101 1293 consilio,
2138 1229 2349 1294 fauore,
2393 1230 2801 1294 commeatibus,
2836 1230 3021 1293 armis,
3044 1230 3221 1301 alijsq,

834 1302 1044 1356 bellicis
1067 1302 1251 1366 rebus,
1273 1321 1372 1357 seu
1412 1321 1750 1375 quacumque
1787 1302 2021 1369 ratione,
2061 1302 2111 1356 ei
2149 1302 2208 1355 in
2247 1302 2349 1355 hac
2392 1302 2734 1373 expeditione
2757 1319 2907 1373 spem
2933 1301 3245 1369 dedissent,-

833 1372 1134 1444 plenariam
1157 1374 1399 1429 omnium
1461 1382 1742 1429 ecatorum
1763 1390 1992 1427 suorum
2015 1372 2226 1426 veniam
2249 1381 2307 1426 et
2326 1372 2718 1439 remissionem,
2742 1382 2800 1427 et
2834 1374 3079 1435 eandem,
3104 1390 3222 1443 quoe

833 1444 1303 1515 proficiscentibus
1326 1447 1398 1501 ad
1457 1446 1626 1500 ellum
1649 1452 1844 1499 contra
1886 1444 2099 1497 Turcas
2138 1451 2194 1498 et
2229 1444 2303 1497 ad
2340 1444 2812 1515 recuperationem
2833 1452 2999 1497 terrae
3022 1452 3222 1498 sauctoe

833 1532 935 1586 per
957 1515 1240 1571 Romanos
1277 1516 1572 1573 Pontifices
1595 1516 1867 1588 impertiri
1890 1516 2053 1569 solita
2074 1522 2176 1578 est,
2212 1514 2590 1570 concessimus.
2666 1514 2863 1585 Nuper
2886 1522 3087 1577 autem,
3112 1532 3221 1569 non

835 1587 950 1640 sine
971 1587 1134 1657 graui
1157 1588 1322 1642 animi
1346 1588 1522 1643 nostri
1547 1589 1736 1643 dolore
1758 1604 1859 1658 per
1900 1603 1998 1640 vos
2036 1594 2280 1657 accepto,
2318 1586 2497 1656 ipsum
2533 1586 2573 1641 J
2574 1586 2805 1641 acobum
2848 1585 3069 1639 fortiter
3094 1604 3221 1641 cum

834 1657 1081 1712 hostibus
1106 1658 1413 1714 dimicando
1439 1660 1608 1729 (sicut
1630 1659 1873 1714 Domino
1912 1656 2145 1727 placuit)
2182 1657 2499 1711 occubuisse
2520 1678 2536 1723 ς
2576 1658 2835 1711 dilectum
2857 1675 2988 1711 vero
3013 1657 3220 1711 Filium

831 1727 1102 1783 «Ioannem
1147 1730 1510 1785 Geraldinum
1565 1730 1683 1800 ejus
1743 1729 2129 1784 consobrinum
2171 1730 2229 1782 in
2270 1728 2613 1813 expeditione
2664 1728 2977 1799 hujusmodi
3023 1728 3223 1782 eximia

830 1800 1035 1871 pietate
1077 1807 1134 1855 et
1175 1802 1340 1855 animi
1377 1802 1752 1874 magnitudine
1795 1804 2047 1870 (auctore
2090 1799 2231 1864 Deo,
2267 1817 2424 1924 eukus
2458 1818 2623 1853 causa
2645 1801 2857 1869 agitur)
2882 1800 3219 1863 successisse,

832 1872 1221 1943 compluraque
1246 1874 1469 1945 egregia
1490 1874 1738 1929 facinora
1779 1873 1847 1925 de
1895 1871 2183 1925 Oatholica
2204 1872 2313 1925 fide
2374 1889 2472 1926 ene
2496 1871 2753 1925 merendo
2786 1870 2904 1940 jam
2948 1870 3215 1924 edidisse:

829 1941 1037 1997 idcirco
1062 1961 1158 1997 vos
1182 1960 1368 1997 omnes
1391 1953 1448 1998 et
1471 1944 1713 2014 singulos
1751 1941 1969 2013 majori,
1995 1960 2103 2013 quo
2141 1959 2427 2013 possumus
2462 1942 2681 2005 affectu,
2705 1941 3013 2004 hortamur,
3037 1942 3217 2012 requi-

830 2012 1002 2067 rimus
1027 2020 1084 2068 et
1105 2031 1364 2087 urgemus
1387 2014 1445 2068 in
1469 2015 1729 2077 Domino,
1753 2022 1817 2067 ut
1858 2014 2088 2067 eundem
2110 2012 2379 2068 Joannem
2405 2013 2638 2076 Ducem,
2664 2012 2889 2083 ejusque
2914 2012 3217 2067 exercitum

831 2085 979 2137 omni
1003 2101 1124 2155 ope,
1150 2086 1603 2156 quemadmodum
1643 2085 1852 2139 dictum
1886 2084 2157 2138 «Iacobum
2200 2087 2487 2149 viventem,
2520 2090 2587 2138 ut
2627 2084 2887 2147 feceritis,
2910 2102 3007 2138 vos
3031 2084 3217 2137 admo-

831 2155 1068 2221 nuimus,
1095 2164 1290 2210 contra
1307 2156 1483 2210 dictos
1507 2156 1792 2211 baereticos
1815 2154 2083 2224 adjuvare
2106 2156 2391 2209 studeatis.
2466 2154 2605 2209 Haec
2628 2156 2773 2209 enim
2795 2155 2947 2209 vobis
2970 2155 3221 2209 omuibus

830 2226 1088 2280 confessis
1113 2235 1170 2280 et
1192 2228 1622 2294 communicatis,
1649 2236 1706 2281 et
1747 2226 1945 2281 vestris
1988 2226 2217 2298 singulis
2240 2226 2297 2281 in
2339 2225 2500 2281 dictis
2540 2226 2739 2281 litteris
2789 2233 3064 2289 contenta,
3088 2244 3218 2297 pro-

828 2295 949 2367 ipso
970 2298 1010 2353 J
1012 2315 1200 2364 caune,
1225 2305 1280 2352 et
1305 2297 1424 2367 ejus
1461 2300 1724 2364 exercitu,
1767 2297 2129 2364 facientibus3
2168 2304 2223 2351 et
2247 2305 2371 2369 post
2394 2296 2411 2349 i
2452 2297 2563 2351 sius
2589 2298 2820 2361 obitum,
2846 2299 2891 2351 si
2914 2297 3061 2351 forte
3086 2316 3215 2351 con-

829 2368 1022 2439 tigerit
1046 2370 1220 2440 (quod
1243 2368 1396 2423 Deus
1419 2378 1668 2423 avertere
1691 2369 1978 2440 dignetur)
2016 2368 2056 2423 J
2058 2368 2212 2422 acobi
2251 2368 2369 2438 ejus
2413 2316 2579 2423 {ratri
2614 2368 3013 2423 adhaerentibus
3050 2376 3213 2439 atque

828 2438 1155 2508 faventibus,
1177 2442 1403 2495 eandem
1425 2440 1725 2513 plenariam
1749 2440 1990 2493 omnium
2032 2446 2385 2510 peccatorum
2406 2448 2716 2493 vestrorum
2738 2440 3131 2511 indulgentiam
3156 2446 3213 2493 et

826 2510 1214 2578 remissionem,
1239 2529 1400 2583 quam
1424 2512 1686 2566 adversus
1729 2510 1959 2577 Turcas,
1984 2518 2041 2563 et
2062 2528 2165 2582 pro
2198 2511 2576 2581 recuperanda
2599 2510 2779 2564 Terra
2802 2510 3005 2566 Sancta
3026 2527 3211 2565 conse-

862 2588 1071 2637 uuutur
1110 2582 1392 2649 bellantes,
1434 2584 1499 2637 de
1537 2583 1909 2654 omnipotente
1957 2581 2065 2636 Dei
2104 2582 2499 2643 misericordia,
2534 2590 2594 2635 et
2634 2582 2937 2637 Beatorum
2974 2580 3131 2635 Petri
3155 2589 3212 2636 et

880 2653 991 2707 auli
1017 2654 1412 2725 Apostolorum
1437 2654 1556 2723 ejus
1599 2653 1931 2709 auctoritate
1972 2652 2179 2718 confisi,
2206 2653 2499 2707 tribuimus
2524 2660 2581 2707 et
2604 2653 2918 2726 elargimur,
2934 2652 3211 2723 praesenti-

825 2722 948 2793 bus,
969 2725 1150 2795 quoad
1173 2726 1307 2780 dicti
1329 2725 1368 2780 J
1371 2743 1587 2793 oannes,
1613 2733 1671 2779 et
1691 2725 1730 2780 J
1731 2725 1935 2779 acobus
1956 2724 2159 2778 fratres
2198 2724 2453 2788 vixerint,
2477 2732 2534 2778 et
2556 2724 2759 2779 bellum
2782 2732 2978 2778 contra
2998 2724 3213 2777 haereti-

827 2812 922 2849 cos
945 2796 1092 2867 ipsos
1114 2798 1400 2867 gesserint,
1416 2796 1715 2851 duraturis.
1766 2796 2039 2859 Quoniam
2054 2804 2237 2849 autem
2256 2796 2472 2851 difficile
2495 2802 2637 2849 esset
2660 2796 2757 2849 has
2774 2803 2991 2849 nostras
3004 2794 3213 2856 literas,

829 2866 900 2919 ad
925 2868 1187 2931 omnium,
1211 2885 1443 2940 quorum
1468 2868 1717 2930 interest,
1738 2868 1993 2921 notitiam
2056 2867 2302 2921 ervenire
2322 2888 2340 2934 ς
2379 2866 2631 2921 volumus
2654 2874 2718 2920 ut
2741 2874 2798 2921 et
2820 2884 3008 2920 earum
3034 2883 3213 2919 exem-

867 2937 933 2991 lis
957 2938 1122 2991 etiam
1164 2940 1240 2992 im
1277 2940 1455 3005 ressiS,
1478 2957 1645 2993 manu
1669 2938 1891 2993 Notarii
1940 2885 2145 3008 puglici
2180 2937 2519 3009 subscriptis,
2553 2937 2841 3009 sigilloque
2914 2954 3118 2991 ersonae
3153 2937 3211 2989 in

869 3007 1096 3078 'gnitate
1121 3008 1241 3063 Ecc
1265 3010 1512 3063 esiastica
1533 3009 1845 3065 constitutae
1870 3009 2187 3081 obsignatis,
2211 3009 2375 3080 plena
2414 3017 2470 3063 et
2493 3018 2647 3062 certa
2668 3009 2802 3063 fides
2827 3027 2866 3062 u
2903 3009 3027 3080 ique
3051 3006 3213 3061 habe-

827 3084 975 3145 atur,
1025 3096 1089 3131 ac
1127 3080 1173 3133 si
1212 3088 1502 3149 proesentes
1543 3086 1722 3134 esseut
1762 3079 2017 3143 exhibitae
2058 3088 2116 3133 et
2158 3088 2403 3133 ostensae.
2493 3079 2703 3134 Datum
2739 3080 2954 3144 Romae,
2978 3079 3124 3165 apud
3148 3079 3208 3134 S.

829 3146 1081 3212 Petrum,
1105 3150 1207 3202 sub
1231 3150 1431 3204 annulo
1473 3150 1791 3213 Piscatoris,
1817 3151 1907 3205 die
1938 3153 2020 3213 13,
2049 3150 2203 3213 Maii,
2252 3154 2410 3205 1850.
2484 3150 2843 3205 Pontificatus
2866 3158 3039 3205 nostrl
3069 3167 3213 3203 anno

829 3226 1043 3273 octavo-

900 3311 1022 3367 Oaes
1073 3311 1399 3367 Glorierius.
1474 3310 1623 3367 visse
1669 3330 1769 3384 per
1816 3312 1891 3367 D.
1943 3312 2271 3367 Generalem
2318 3312 2377 3368 S.
2432 3310 2705 3369 Cruciatoe
2748 3311 3213 3368 commissarium.

823 3382 1064 3438 Joannes
1089 3383 1156 3438 de
1178 3383 1235 3437 la
1255 3382 1554 3439 Rumbide.

899 3474 1230 3549 Supradictoe
1251 3474 1414 3527 literoe
1436 3480 1680 3528 extractae
1701 3491 1766 3527 ea:
1787 3475 1898 3529 suis
1915 3474 2264 3546 originalibus
2284 3474 2341 3527 in
2362 3482 2568 3547 stampe
2589 3474 3081 3547 impressoefuerunt
3100 3492 3215 3529 cor-

821 3553 976 3601 rectoe
1007 3554 1060 3601 et
1080 3546 1429 3600 collationum
1437 3563 1544 3630 per
1563 3564 1644 3599 me
1667 3546 1951 3617 Affonsum
1966 3546 2032 3599 de
2056 3548 2239 3609 Ser-na,
2252 3548 2517 3617 publicum
2544 3546 2853 3619 Apostolica
2875 3554 2927 3599 et
2944 3546 3217 3601 ordinaria

823 3618 1162 3681 authoritate,
1186 3636 1252 3671 ac
1277 3616 1522 3671 Archwii
1557 3616 1809 3671 Romam
1848 3618 2006 3671 curioe
2046 3618 2350 3683 Notarium,
2392 3619 2449 3671 in
2471 3618 2663 3691 oppido
2688 3618 2921 3673 Madv-ita·
2952 3618 3218 3673 Toletum

825 3688 1080 3745 Dioeeesis
1099 3690 1185 3743 die
1208 3688 1316 3744 XI
1317 3690 1373 3745 V.
1413 3688 1658 3744 Octobris
1673 3688 2055 3743 MDLXXX.

909 3782 1010 3847 Ad
1037 3782 1217 3869 hujus
1246 3782 1511 3870 epistolae
1539 3788 1875 3867 nostraeque
1903 3782 2165 3849 historiae
2212 3783 2606 3862 concordiam,
2652 3782 3047 3869 ignorandum
3089 3806 3217 3849 non

823 3875 932 3948 est,
965 3870 1201 3936 eosdem
1231 3875 1293 3935 et
1320 3894 1356 3935 a
1382 3891 1618 3935 summo
1647 3870 1940 3935 Pontifice
1988 3874 2031 3906 “
2050 3868 2349 3936 Jacoboae’
2380 3877 2441 3937 et
2470 3894 2506 3936 a
2535 3892 2629 3937 me
2659 3870 2948 3936 Ibernicae
2976 3871 3205 3958 lingua»,

823 3978 1030 4023 vocem
1060 3963 1344 4042 sequente
1375 3962 1418 3994 “
1433 3956 1475 4021 J
1477 3957 1703 4023 aimos³³
1736 3958 1951 4023 vocari.

1783 4357 1963 4422 CAP.
2012 4358 2264 4425 XVIII.

1173 4544 1262 4599 De
1287 4544 1495 4619 Ulligo,
1520 4551 1576 4599 et
1593 4544 1630 4600 J
1634 4545 1845 4601 ohanne
1864 4546 2073 4603 Burkis
2100 4547 2330 4603 Comitis
2358 4546 2725 4603 Olanricardoe
2750 4547 2892 4602 filiis.

817 4690 920 4757 Ex
947 4693 1042 4791 bis
1069 4714 1204 4780 quae
1233 4696 1518 4764 hactenus
1549 4699 1827 4780 vidimus,
1856 4724 1979 4767 non
2008 4701 2258 4768 obscure
2287 4702 2587 4788 colligitur
2616 4709 2839 4792 quanta
2884 4708 3045 4787 curs,
3079 4706 3218 4775 dili-

799 4782 1138 4865 gentleque
1188 4782 1409 4849 fuerint
1453 4785 1639 4871 Angli
1689 4786 2045 4854 Ibernorum
2094 4789 2388 4855 excidium
2434 4790 2646 4872 moliti,
2696 4800 2757 4859 et
2798 4796 3017 4881 magna
3044 4804 3220 4881 parte
