3634 5842
418 830 554 875 car.
602 808 692 893 v.]
918 860 926 865 .
1021 830 1138 875 sun
1182 831 1486 890 1113ch
1531 832 1828 877 nnvanno
1872 833 1949 877 m·
1990 832 2215 877 nanu.
2714 817 2791 879 87

1449 1082 1629 1149 OAP.
1675 1084 1755 1150 V.

1212 1254 1300 1310 De
1328 1255 1642 1312 Geraldinis
1702 1256 1990 1311 Kildarioe.

415 1432 772 1499 Hnmmm
819 1430 1125 1497 Geraldini
1182 1453 1360 1498 suum
1401 1455 1592 1519 genus
1612 1433 1689 1499 ad
1719 1432 2072 1511 Hetruscos‚
2100 1430 2242 1498 inde
2287 1432 2576 1519 Trojanos
2604 1456 2793 1520 usqne

405 1520 689 1587 referunt.
779 1516 918 1589 Qua
939 1518 1014 1583 de
1039 1540 1123 1599 re,
1154 1520 1295 1605 quia
1321 1519 1632 1585 Chronieis
1655 1518 1965 1585 Hiberniae
1982 1541 2106 1584 non
2134 1526 2513 1599 memoratur,
2542 1543 2653 1586 nos
2682 1544 2791 1607 pro

405 1616 568 1673 certo
611 1604 763 1671 nihil
816 1626 1134 1690 possumus
1184 1606 1548 1685 confirmare,
1607 1628 1720 1673 nec
1771 1605 1850 1671 ad
1892 1628 2149 1692 praesens
2176 1606 2527 1671 institutum
2555 1608 2789 1673 attinet.

407 1694 564 1759 Satis
593 1698 685 1757 est
739 1698 1109 1844 comlgertum
1130 1692 1485 1758 Mauritium
1514 1691 1829 1759 Giraldum
1868 1694 2065 1757 virum
2106 1692 2387 1771 nobilem,
2418 1700 2597 1780 atque
2625 1716 2791 1779 mag-

401 1781 712 1845 nanimum
770 1802 806 1844 a
917 1779 1165 1865 ermysio
1191 1778 1472 1865 Lageniae
1498 1780 1764 1866 principe
1808 1779 2067 1845 accitum
2106 1802 2181 1845 ex
2220 1779 2459 1866 Angliae
2476 1781 2543 1845 in
2573 1779 2791 1845 Hiber-

400 1867 566 1932 niam
593 1865 922 1951 trajecisse:
966 1874 1148 1951 atque
1196 1874 1462 1952 posteros
1506 1868 1634 1953 ejus
1675 1866 1893 1945 vocari,
1921 1872 2055 1931 tum
2083 1866 2391 1946 Garaldos,
2422 1873 2553 1932 tum
2583 1866 2790 1933 Gal-al-

409 1953 602 2033 dinoS,
633 1959 694 2017 et
723 1952 1101 2018 Giraldinos:
1145 1951 1220 2018 ab
1249 1952 1342 2018 his
1370 1952 1620 2019 familias
1650 1953 1798 2019 duas
1841 1974 1970 2018 esse
1995 1952 2063 2019 in
2092 1952 2387 2019 Hibernia
2414 1960 2787 2040 procreatas:

406 2039 2583 2212 ῗὲἒοηῗῗὲἒῗθῦἒῗέἷὲῗὲοἶῖοἒιξὲῧίιέξΐῗῖεῗὲἕὲἐῖῗῗθῴ
2541 2040 2793 2193 Ἓωὲἒ

406 2214 546 2279 inde
594 2213 729 2278 illos
786 2213 1148 2292 Momonios,
1205 2214 1316 2279 hos
1372 2213 1670 2299 Lagenios
1728 2212 2067 2279 Giraldinos
2114 2215 2465 2299 nuncupari.
2538 2212 2793 2299 Legitur

409 2300 669 2366 Thomas
727 2298 1073 2365 Giraldinus
1122 2300 1408 2366 Kildarioe
1466 2324 1683 2380 comes,
1713 2302 1821 2387 qui
1878 2323 1982 2366 sex
2024 2298 2233 2367 habuit
2258 2300 2495 2379 liberos,
2526 2302 2790 2386 quinque

411 2409 610 2453 secum
655 2387 722 2451 iu
751 2386 1064 2465 Hibernist,
1107 2394 1170 2451 et
1212 2408 1402 2453 unum
1431 2388 1492 2452 in
1524 2388 1765 2474 Anglia,
1789 2386 1903 2453 snb
1932 2386 1997 2453 id
2025 2395 2280 2474 tempus,
2314 2410 2433 2473 quo
2456 2388 2587 2453 Rex
2620 2387 2786 2453 Hen-

405 2474 566 2538 ricus
583 2472 846 2538 Octavus
873 2496 912 2538 a
935 2472 1052 2538 fide
1074 2474 1338 2552 doecivit,
1381 2474 1658 2561 Protegis
1685 2474 1933 2562 imperio
1965 2474 2317 2541 Hiberniam
2337 2474 2788 2540 administravit.

407 2559 488 2625 In
517 2558 796 2643 Angliam
831 2582 866 2623 a
930 2581 1069 2643 rege
1119 2570 1394 2625 evocatus
1443 2561 1563 2626 filio
1591 2568 1740 2627 natu
1782 2561 2039 2627 maximo
2069 2562 2310 2627 nomine
2338 2561 2518 2625 etiam
2542 2560 2789 2626 Thomae

408 2644 742 2723 Giraldino,
792 2654 1186 2729 cognomento
1217 2646 1477 2711 Sericato
1505 2654 1861 2733 potestatem
1880 2646 2219 2746 reipublicae
2246 2647 2619 2731 capessendae
2646 2646 2789 2713 sub-

407 2731 663 2817 delegat.
750 2730 890 2815 Ipse
918 2732 986 2795 in
1011 2730 1249 2816 Anglia„
1279 2732 1434 2797 laesae
1461 2734 1784 2819 majestatis
1824 2734 2069 2799 crimme
2095 2732 2429 2818 postulatus
2478 2734 2793 2819 conjicitur

405 2820 472 2885 in
502 2816 758 2895 vincula,
787 2816 854 2881 in
883 2816 1100 2903 quibus
1128 2825 1334 2902 postea
1359 2817 1524 2883 brevi
1551 2819 1709 2885 diem
1737 2818 1945 2885 obivit.

499 2904 618 2970 Sed
647 2909 784 2969 ante
813 2904 1048 2969 comitis
1077 2902 1306 2970 obitum
1335 2904 1550 2971 Alinus
1572 2905 1808 2991 Anglus
1860 2904 2168 2971 Hiberniae
2194 2904 2654 2985 Chancellariu5‚
2685 2906 2790 2991 qui

409 2991 694 3057 Dublinae
829 2989 952 3069 bat,
997 2991 1176 3056 homo
1203 2992 1272 3056 in
1299 2990 1744 3057 Giraldinorum
1771 3013 1991 3058 nomen
2032 2991 2183 3057 male
2225 2992 2519 3057 animatus
2542 2992 2789 3077 diligen-

409 3078 638 3143 tissima
651 3100 746 3143 me
787 3078 1034 3157 itatione
1062 3077 1360 3143 studuisse
1386 3077 1591 3158 fertur,
1616 3078 2113 3165 quemadmodum
2129 3078 2377 3144 Comitis
2404 3080 2557 3145 filios
2584 3078 2788 3165 perde-

411 3172 521 3245 ret,
545 3166 750 3252 jussus
775 3187 853 3230 ne
882 3188 917 3230 a
945 3164 1130 3250 Rege,
1161 3187 1238 3230 an
1264 3165 1544 3263 injussus,
1574 3166 1804 3252 ignoro.
1864 3166 1965 3231 Ad
1980 3166 2043 3232 id
2074 3164 2285 3232 callido
2314 3172 2790 3252 stratagemmate

410 3252 615 3317 utiiur.
703 3250 858 3316 Cum
879 3275 915 3317 a
931 3252 1188 3337 quodam
1218 3252 1463 3317 Sencati
1503 3252 1775 3319 familiari
1801 3252 2107 3333 viseretur,
2126 3275 2264 3318 enm
2291 3253 2359 3319 in
2378 3252 2655 3320 conclave
2696 3254 2787 3319 in-

411 3337 572 3417 tulit,
602 3337 804 3424 ibique
826 3338 1005 3424 jussit
1033 3346 1316 3425 spectare,
1347 3338 1576 3405 doneci
1708 3346 2117 3419 reverteretur,
2148 3340 2251 3426 qui
2279 3363 2385 3427 per
2414 3340 2657 3406 domum
2686 3361 2789 3405 ne-

415 3425 683 3511 gotiandi
703 3427 900 3504 causa,
947 3432 1020 3491 ut
1045 3424 1411 3512 praeferebat,
1625 3426 1872 3508 'ebatur,
1908 3428 2130 3493 relictis
2159 3428 2327 3513 quasi
2354 3426 2670 3505 oblivione,
2697 3426 2788 3491 vel

417 3534 560 3577 casu
613 3511 828 3577 litteris
870 3512 1086 3598 apertis
1141 3513 1208 3578 in
1265 3511 1448 3578 abaco
1505 3514 1740 3600 scripits
1765 3514 1925 3600 regis
1950 3514 2193 3580 nomine
2219 3513 2371 3579 falso
2423 3513 2517 3597 (ut
2562 3513 2784 3598 accepi)

417 3596 656 3670 Quibus
702 3597 872 3664 lectis
929 3599 1143 3684 hospes
1198 3598 1512 3678 intellexit,
1572 3599 1855 3665 comitem
1902 3600 2085 3665 fuisse
2127 3599 2255 3685 jam
2312 3607 2501 3664 morte
2544 3598 2785 3698 plexum

418 3684 600 3786 (guod
626 3692 828 3784 tamen
846 3708 971 3784 non
998 3686 1146 3769 erat)
1180 3691 1242 3750 et
1269 3684 1671 3751 Chaucellario
1691 3709 1730 3751 a
1767 3708 1908 3784 rege
1932 3686 2306 3785 imperatum,
2336 3691 2409 3750 nt
2437 3686 2784 3763 Senatum,

410 3792 656 3924 fix-‘¹33
683 3771 1768 3923 Ἑιέἓῗ.ΡἯ“ἔῗοέἑΡέἓῑῖὲἶθῖιῖἒ’
1791 3770 2467 3941 ἔθὲἱῗέῗέιῗᾱὼζξῗῗῖ
2475 3771 2785 3956 ἒῗὲἑὲἓί
2805 3865 2950 3939 [τι]

415 3945 544 4009 lum
566 3946 894 4011 evitaturus
915 3944 1226 4009 confestim
1241 3942 1542 4028 egreditur
1570 3944 1790 4031 oppido
1799 3971 1822 4023 3
1851 3943 2067 4009 initum
2095 3965 2234 4009 cum
2262 3944 2386 4009 suis
2414 3943 2618 4009 amicis
2646 3966 2786 4009 con-

417 4032 654 4097 silium:
701 4030 862 4116 qnod
906 4029 1058 4095 nihil
1099 4028 1358 4115 prudens
1415 4031 1588 4117 caepit
1619 4058 1635 4095 ε
1707 4052 1848 4096 nam
1905 4052 2043 4095 cum
2097 4030 2269 4117 regni
2324 4029 2793 4116 gubernaculum

557 4141 630 4183 ns
661 4118 832 4184 facile
859 4116 1156 4203 potuisset
1183 4138 1344 4181 arces
1365 4122 1426 4181 et
1447 4117 1686 4183 castella
1711 4124 1933 4197 tenere,
1962 4118 2027 4183 in
2056 4117 2158 4196 eia,
2191 4137 2345 4204 quos
2365 4116 2563 4196 vellet,
2593 4117 2795 4217 prmi-

418 4139 846 4306 {gepollooara
879 4226 916 4269 a
941 4202 1096 4289 regis
1125 4202 1383 4268 amicitia
1410 4204 1630 4303 multos
1659 4203 2005 4284 subducere,
2029 4203 2303 4304 ..Alinunn
2333 4211 2394 4269 et
2422 4204 2569 4271 alios
2595 4204 2794 4303 mimi-

417 4292 810 4445 eamn„
701 4288 1758 4475 pubiigflzffivfffffissffi
1785 4291 2093 4444 aare&
2123 4290 2795 4476 aegaeam

419 4484 546 4615 ξε
562 4466 817 4617 maffia
889 4462 1104 4615 Undaeti
1130 4462 1463 4616 debussiuriis
1499 4473 1562 4614 eg,
1601 4486 1744 4529 nece
1771 4466 1977 4551 patris,
2022 4486 2199 4550 quem
2240 4462 2533 4551 supplicio
2562 4485 2794 4529 summo

487 4574 604 4617 isse
801 4573 907 4616 um
933 4573 1026 4616 en
1105 4572 1202 4615 ma
1243 4573 1278 4615 a
1398 4572 1520 4615 uen
1551 4572 1640 4615 ur.

511 4638 676 4703 Hine
702 4638 927 4704 bellum
955 4637 1162 4717 oritur,
1195 4599 1324 4724 quo,
1345 4569 1496 4702 :llum
1525 4658 1734 4717 annos,
1755 4635 1913 4736 plus,
1944 4635 2143 4700 minus
2324 4636 2431 4702 ’ter
2458 4643 2795 4723 pugnatur:

423 4726 624 4790 tamen
651 4724 920 4803 efficitur,
939 4731 1009 4788 nt
1036 4724 1226 4811 magis
1251 4724 1428 4804 ferro,
1447 4730 1508 4789 et
1532 4723 1809 4789 incendio
1838 4745 1933 4787 res
1976 4658 2600 4803 ublicaffiactetur,
2621 4724 2801 4810 quam

427 4811 754 4877 sacerdotes
823 4818 1022 4897 ropter
1047 4810 1414 4877 Catholicam
1461 4810 1640 4877 fidem
1685 4810 1878 4896 capite
1904 4831 1945 4894 p
1968 4814 2257 4875 ectantur.
2342 4808 2714 4877 Memoratur
2738 4810 2807 4875 in

427 4894 539 4962 hoc
565 4896 722 4963 bello
751 4834 971 4983 di'zplex
996 4897 1250 4985 insignis
1298 4898 1582 4987 perfidia:
1629 4897 1812 4964 altera
1868 4894 2178 4983 cujusdam
2222 4895 2479 4965 Hiberni
2508 4898 2629 4965 arci
2658 4918 2809 4984 prae-
