3634 5842
893 735 974 798 30
1061 732 1070 748 '
1325 738 1740 804 &sunm-:vam
1787 756 2103 804 meroem
2146 755 2539 813 ommonem,
2584 755 2715 800 'rou
2764 756 2809 800 1.
3014 737 3173 818 [ms.
3220 751 3279 796 11

889 915 1014 976 tate
1055 910 1405 978 fruebantur
1432 911 1664 998 ingenti
1691 909 1902 975 laetitia
1928 909 2171 1061 pgrfusi,
2192 931 2317 975 non
2346 931 2454 976 sua
2474 915 2706 975 tantum
2740 911 2994 996 quisque
3021 909 3282 976 beatitu-

894 998 1053 1076 dine,
1106 997 1210 1064 sed
1253 1005 1316 1065 et
1343 999 1712 1084 singularum
1743 1003 1931 1062 contu
2004 997 2280 1062 rniah‘um
2308 998 2701 1083 prosperitate
2730 997 2955 1083 gavisi:
3000 1015 3281 1081 novoque

895 1086 1158 1170 quodam
1186 1109 1402 1172 genere
1423 1084 1626 1170 gaudii
1655 1084 1869 1162 affecti,
1890 1083 2053 1169 quod
2080 1105 2192 1169 ego
2220 1090 2505 1148 tartareos
2534 1083 2777 1169 spiritus
2821 1084 3079 1151 vicerim.
3170 1083 3279 1148 In-

895 1171 1132 1238 terdum
1190 1173 1336 1252 bini,
1365 1173 1530 1251 trini,
1559 1171 1658 1236 vel
1725 1194 1806 1236 uo
1856 1170 2136 1236 volebant
2162 1192 2429 1251 numer0,
2461 1170 2953 1237 deambulabant:
2998 1193 3279 1236 nonnun-

897 1280 1076 1344 quam
1127 1259 1424 1345 colloquia
1471 1259 1716 1324 institue
1759 1264 1902 1323 ant:
1966 1279 2129 1322 nunc
2172 1259 2413 1323 choreas
2458 1257 2755 1324 ducebant
2788 1285 2801 1324 =
2846 1280 3010 1323 nunc
3040 1277 3281 1345 quoque

895 1347 1048 1410 mira
1103 1353 1315 1412 cantus
1373 1345 1686 1411 dulcedine
1713 1343 2111 1432 personabant
2144 1371 2158 1409 :
2205 1367 2436 1432 semper
2480 1344 2521 1408 J
2522 1367 2691 1409 esum
2734 1353 3057 1411 creatorem
3100 1350 3283 1430 atque

893 1432 1325 1519 redemptorem
1385 1433 1637 1498 efferunt
1692 1429 1989 1497 laudibus.
2076 1430 2293 1518 Itaque
2336 1431 2487 1496 nihil
2516 1432 2696 1517 hujus
2724 1432 3015 1497 fortunati
3042 1432 3158 1496 loci
3188 1455 3281 1496 as-

893 1527 1074 1604 pectu
1123 1519 1465 1607 pulchrius:
1513 1519 1666 1585 nihil
1715 1519 1896 1583 odore
1940 1519 2179 1582 suavius
2210 1545 2225 1583 :
2300 1519 2451 1584 nihil
2492 1521 2694 1584 fructu
2718 1518 3083 1606 jucundius:
3130 1519 3282 1584 nihil

893 1606 1150 1672 melodia
1191 1608 1458 1694 gratius:
1503 1605 1656 1672 nihil
1701 1627 1900 1670 rerum
1950 1606 2220 1670 omnium
2263 1607 2546 1671 varietate
2598 1613 2659 1670 et
2705 1606 3047 1692 praestantia
3089 1605 3279 1671 admi-

892 1693 1135 1759 rabilius
1207 1714 1474 1780 unquam
1532 1697 1732 1759 mente
1789 1692 2137 1778 cogitaram.
2226 1692 2362 1758 Elio
2390 1691 2557 1758 nulla
2607 1701 2788 1756 aestus
2815 1692 3229 1778 intemperatio
3260 1719 3275 1756 :

893 1781 1058 1846 nulla
1072 1781 1311 1868 frigoris
1331 1781 1643 1846 violentia:
1675 1779 1843 1846 nulla
1859 1777 2001 1845 eoeli
2021 1771 2433 1844 inclementia:
2464 1778 2631 1844 nulla
2658 1780 2919 1865 corporis
2948 1778 3277 1864 aegritudo:

892 1869 1076 1932 animi
1097 1867 1264 1935 nulla
1290 1867 1654 1952 perturbatio
1688 1893 1704 1931 :
1750 1867 2009 1951 denique
2036 1867 2185 1931 nihil
2206 1867 2321 1930 nisi
2350 1867 2519 1950 quies
2547 1871 2727 1952 atque
2754 1865 3169 1950 tranquillitas.

979 1955 1310 2040 Postquam
1383 1956 1477 2020 oci
1533 1953 1837 2020 amaenitas
1882 1975 1979 2018 me
2027 1953 2251 2032 refecit,
2301 1953 2749 2039 Archiepiscopi
2796 1953 2976 2018 verba
3030 1953 3277 2017 faciunt.

897 2040 1020 2106 Hic
1067 2052 1159 2106 est
1215 2049 1484 2106 terrenus
1539 2041 1640 2106 ille
1667 2039 1989 2126 paradisus,
2024 2039 2187 2104 unde
2228 2041 2405 2126 primi
2429 2040 2661 2125 generis
2678 2041 2869 2105 nostri
2899 2047 3173 2125 parentes
3204 2039 3283 2103 ob

895 2134 1162 2213 spretum
1218 2127 1504 2193 Numinis
1547 2134 1911 2214 praeceptum
1952 2126 2177 2190 fuerint
2222 2127 2410 2212 ejecti.
2504 2126 2779 2198 Quorum
2824 2128 2999 2192 etiam
3039 2135 3281 2212 peccato

893 2215 1116 2300 posteri
1165 2214 1464 2300 inquinati
1512 2213 1629 2279 Dei
1677 2213 2023 2278 haereditate
2080 2212 2517 2292 abdicabamur,
2568 2213 2757 2279 donec
2800 2213 3139 2278 Immensus
3181 2214 3283 2278 ille

891 2323 1090 2365 rerum
1142 2301 1416 2366 conditor
1487 2301 1693 2365 aeterni
1760 2299 1957 2365 Patris
2002 2299 2160 2364 filius
2206 2300 2469 2365 humana
2516 2307 2731 2365 natura
2786 2323 2849 2364 se
2920 2300 3181 2366 induerit
3223 2307 3283 2364 et

890 2387 1072 2452 homo
1101 2411 1174 2453 ex
1203 2388 1398 2452 Maria
1425 2387 1675 2474 Virgine
1703 2392 1881 2452 natus
1902 2386 2121 2472 piaculi
2147 2395 2460 2473 parentum
2487 2395 2828 2452 nostrorum
2855 2409 3069 2474 poenas
3088 2388 3282 2465 luerit,

891 2473 1119 2540 nullius
1170 2475 1297 2561 ipse
1324 2475 1551 2561 peccati
1591 2472 1726 2540 labe
1753 2473 2013 2539 infectus
2042 2482 2103 2539 et
2144 2474 2301 2540 inter
2345 2474 2459 2539 alia
2488 2481 2871 2554 sacramenta,
2901 2473 3283 2561 baptismum,

895 2561 1068 2647 cujus
1097 2562 1328 2628 lavacro
1360 2561 1435 2627 ab
1466 2561 1752 2647 originale
1779 2560 1881 2625 lue
1910 2560 2228 2640 abluimur,
2257 2561 2605 2627 instituerit.
2684 2561 2847 2632 Quia
2872 2583 3013 2626 vero
3046 2562 3281 2637 iterum,

897 2669 1016 2735 qua
1059 2671 1266 2714 sumus
1293 2648 1630 2734 fragilitate,
1673 2647 1737 2713 in
1765 2649 1913 2712 vitia
1942 2648 2159 2734 saepius
2185 2647 2459 2727 labimur,
2490 2671 2567 2713 ne
2588 2649 2831 2713 omnino
2875 2670 3181 2734 pereamus
3210 2648 3283 2713 ad

897 2735 1196 2801 infernum
1259 2735 1655 2814 condemnati,
1726 2743 2157 2800 sacramentum
2218 2735 2581 2822 paenitentiae
2654 2735 2921 2801 sancitur
2947 2762 2967 2813 3
3042 2755 3161 2820 qua
3234 2735 3285 2799 si

895 2844 1138 2908 prorsus
1163 2824 1230 2890 in
1269 2825 1394 2889 vita
1418 2823 1668 2888 crimina
1679 2823 1925 2888 minime
1946 2844 2078 2887 com
2153 2845 2415 2902 nsamus,
2436 2823 2847 2908 purgatorium
2876 2821 3037 2907 quod
3065 2821 3283 2901 vidisti,

896 2933 1008 2975 nos
1057 2919 1279 2976 manet.
1369 2911 1488 2976 Sed
1515 2911 1582 2974 in
1623 2910 1738 2975 hoc
1768 2927 2010 2996 quoque
2036 2911 2057 2973 i
2130 2909 2380 2975 subsidii
2424 2910 2785 2988 conceditur,
2819 2909 2981 2994 quod
3012 2929 3131 2994 quo
3164 2931 3283 2974 ma-

892 2998 1026 3082 jora
1051 2998 1330 3084 suffragia
1401 3005 1498 3064 ost
1525 2996 1758 3064 obitum
1789 2997 2139 3082 superstites
2168 2997 2343 3062 nobis
2382 2998 2593 3075 ferant,
2625 3019 2697 3061 eo
2718 2998 2898 3061 citius
2926 2995 3285 3062 cruciatibus

897 3083 1259 3149 redimamur
1285 3021 1653 3149 vefleviores
1680 3085 1978 3168 patiamur
2007 3109 2023 3147 :
2068 3105 2207 3149 cum
2236 3106 2375 3148 vero
2398 3084 2611 3168 aliquis
2632 3084 2955 3148 dimittitur
2974 3105 3010 3148 e
3036 3105 3285 3162 carcere,

903 3172 1222 3235 comitatus
1250 3169 1460 3235 similis
1489 3170 1629 3234 huic
1650 3171 1757 3255 qui
1785 3176 1847 3234 te
1874 3170 2127 3254 excepit,
2158 3169 2246 3234 illi
2275 3169 2511 3235 obviam
2541 3171 2682 3238 exit.

992 3256 1220 3321 Adhaec
1248 3257 1314 3322 in
1343 3256 1571 3322 editum
1601 3262 1867 3321 montem
1919 3277 2154 3320 mecum
2199 3257 2485 3343 praesules
2535 3257 2903 3322 ascendunt:
2948 3255 3055 3322 ubi
3085 3257 3285 3343 jussus

905 3341 980 3408 ab
1031 3342 1150 3408 illis
1200 3343 1412 3408 caelum
1452 3366 1516 3407 as
1593 3345 1673 3421 xi,
1717 3343 1881 3428 quod
1930 3344 2092 3408 aurei
2143 3350 2205 3408 et
2254 3345 2518 3428 argentei
2546 3345 2761 3411 coloris
2790 3345 3111 3430 gratissimi
3140 3343 3283 3408 mihi

906 3428 1238 3496 videbatur.
1325 3429 1482 3494 Tum
1509 3431 1531 3494 i
1555 3429 1620 3509 li,
1651 3434 1693 3466 “
1712 3429 1845 3494 haec
1872 3429 2003 3493 est”
2036 3435 2077 3465 “
2094 3431 2378 3515 inquiunt
2395 3431 2435 3460 '³
2458 3430 2604 3496 Oaeh·
2644 3438 2836 3517 porta,
2862 3431 3042 3509 unde,
3074 3429 3151 3496 ad
3176 3452 3287 3494 nos

907 3517 1140 3582 caeleste
1167 3539 1406 3596 manna,
1437 3516 1606 3581 cibus
1636 3535 1814 3602 quem
1844 3517 2145 3582 Dominus
2172 3518 2373 3583 electis
2400 3517 2737 3598 destinavit,
2770 3519 2934 3584 omni
2961 3525 3199 3583 nectare
3228 3523 3287 3582 et

909 3603 1205 3670 ambrosio
1222 3603 1586 3705 jucundior,
1637 3603 1962 3703 mittetur3
2020 3603 2173 3675 Quae
2220 3604 2397 3704 verba
2442 3605 2543 3670 vix
2588 3606 2880 3684 finierant,
2912 3627 3049 3706 cum
3076 3606 3287 3706 ingens

910 3690 2012 3865 {Elffidz'ssffifflssztffiffl
2034 3691 3289 3865 {xssssffiiffifflffiffiffifflt

911 3865 1236 3931 visceribus
1265 3867 1441 3944 sensi,
1469 3864 1883 3951 inexplicabile
1912 3887 1981 3930 ac
2010 3866 2201 3952 majus
2231 3867 2509 3952 opinione
2552 3867 2820 3931 omnium
2851 3865 3137 3952 gandium
3166 3865 3287 3930 ani-

915 3974 1014 4016 mo
1057 3953 1321 4038 concepi.
1411 3953 1562 4017 Mox
1610 3953 1979 4017 antististes”
2010 3960 2288 4038 expertus
2317 3977 2381 4019 es
2427 3953 2811 4040 “inquiunt'’
2858 3973 2992 4039 quae
3022 3952 3294 4018 foelicitas

745 4053 890 4121 [80]
907 4039 1160 4124 justos,}l
1197 4059 1448 4125 quasque
1489 4038 1790 4103 calamitas
1836 4040 2049 4125 impios
2096 4048 2314 4105 manet.
2406 4040 2667 4128 Tempus
2694 4045 2788 4106 est
2814 4046 2885 4105 ut
2912 4039 2989 4106 ad
3016 4039 3291 4106 mortales

914 4125 1136 4205 redeas,
1181 4123 1342 4210 apud
1385 4145 1538 4211 qnos
1575 4147 1812 4210 operam
1845 4125 1938 4204 da,
1986 4134 2055 4190 ut
2096 4127 2382 4211 reliquam
2410 4128 2597 4193 vitam
2626 4127 2711 4193 sic
2740 4149 2898 4213 agas,
2939 4137 3011 4192 ut
3039 4128 3293 4213 denique

912 4211 1348 4278 beatitudinem
1397 4212 1682 4297 consequi
1729 4213 2023 4276 merearis.
2114 4213 2288 4278 Nihil
2330 4221 2530 4279 autem
2572 4215 2846 4279 redeunti
2892 4213 3003 4280 tibi
3030 4213 3290 4293 nocebit,

915 4300 1302 4366 minimnmve
1329 4320 1608 4385 pavorem
1634 4298 1925 4385 injiciet.”
2012 4301 2103 4364 Ac
2130 4301 2217 4366 ita
2244 4323 2339 4367 1116
2368 4304 2513 4366 satis
2559 4303 2837 4380 invitum,
2882 4301 3292 4379 reluctantem,

907 4386 1313 4475 lacrymasque
1339 4409 1463 4473 prae
1493 4384 1696 4451 dolore
1725 4385 2099 4466 fundentem,
2132 4389 2306 4473 porta
2325 4388 2587 4474 paradisi
2618 4390 2925 4454 emittunt.

1609 4540 1927 4605 Vicecomes
1955 4565 1993 4604 a
2008 4542 2367 4624 pur—catorio
2394 4541 2575 4606 redit.

911 4698 1112 4784 Igitur
1140 4719 1258 4782 qua
1284 4697 1498 4762 fue-rim
1527 4697 1851 4780 ingressus,
1896 4693 2100 4759 eadem
2151 4714 2419 4759 reversus
2470 4690 2637 4757 nullo
2668 4697 2909 4773 terrore,
2931 4691 3027 4756 vel
3054 4691 3297 4758 horrore

911 4785 1174 4862 affectus,
1206 4782 1455 4848 diabolis
1485 4805 1557 4847 ex
1585 4781 1796 4846 itinere
1827 4803 1955 4846 sese
1983 4781 2051 4844 fu
2200 4777 2641 4858 mandantibus,
2686 4777 2833 4844 locis
2874 4801 3176 4865 paenarum
3207 4801 3295 4843 re-

909 4871 1087 4951 lictis,
1117 4870 1182 4936 in
1233 4869 1394 4936 illam
1445 4869 1638 4934 aulam
1687 4867 1792 4932 ubi
1844 4867 2001 4932 viros
2094 4864 2371 4932 uodecem
2418 4865 2726 4953 religiosos
2757 4865 3132 4944 offenderam,
3165 4887 3293 4954 per·
