3634 5842
411 720 548 767 cu.
595 702 744 793 vin]
1227 726 1510 772 mmm
1553 726 1672 772 sus
1715 726 2129 771 emamus.
2537 721 2541 725 ’
2699 704 2781 765 99

1435 966 1614 1031 CAP.
1660 966 1776 1031 VI.
1882 979 1896 988 ·

1255 1138 1441 1193 Cosbii
1473 1139 1646 1212 Angli
1681 1140 1943 1213 tyrannis.

404 1282 680 1351 Pactus
709 1286 972 1354 motibus
1000 1288 1265 1375 tyrannis
1295 1310 1525 1377 semper
1553 1288 1873 1356 erescebat.
1946 1288 2297 1355 Franciscus
2325 1287 2579 1353 Cosbius
2606 1287 2785 1353 Lisiae

403 1372 719 1457 praefectus
776 1380 838 1439 et
895 1374 1023 1461 ejus
1069 1374 1228 1441 filius
1281 1375 1622 1444 Alexander
1687 1399 1863 1443 omne
1932 1398 2122 1463 genus
2170 1374 2611 1441 catholicorum
2672 1376 2783 1439 im-

405 1458 583 1524 mane
610 1459 994 1527 bacchantur.
1080 1462 1148 1527 Is
1192 1463 1580 1550 provinciales
1616 1463 1881 1529 Maisum
1908 1462 2181 1529 Castrum
2232 1460 2527 1543 (Mollach
2554 1461 2779 1545 Maius)

405 1548 584 1611 causa
611 1554 1014 1615 conventuum
1056 1548 1484 1628 habendorum,
1536 1550 1726 1635 deque
1769 1571 1969 1615 rerum
2016 1548 2521 1615 administratione
2570 1548 2783 1633 agendi

405 1640 714 1700 convocat.
801 1635 1174 1702 Convocatos
1221 1636 1566 1703 cohortibus
1635 1637 1874 1701 armatis
1924 1636 2245 1723 improviso
2296 1634 2682 1700 circumvenit
2722 1641 2784 1697 et

405 1741 482 1784 ex
510 1719 810 1787 O’Morrae
851 1722 1078 1789 familia
1121 1729 1364 1789 centum
1413 1723 1720 1809 octoginta
1765 1722 1926 1788 viros
1972 1724 2075 1788 ino
2117 1723 2348 1787 inantes
2394 1727 2455 1787 et
2503 1720 2651 1785 nihil
2680 1719 2784 1785 ad-

403 1807 560 1872 versi
574 1808 853 1875 timentes
871 1832 996 1875 uno
1013 1816 1315 1875 momento
1343 1812 1627 1897 temporis
1647 1808 2031 1897 jugulabat*
2076 1745 2422 1875 §trudbaliae
2438 1806 2785 1893 plerumque

405 1894 898 1962 commorabatur.
985 1894 1114 1962 Ubi
1148 1919 1269 1983 prae
1318 1896 1547 1963 foribus
1598 1896 1810 1963 domus
1848 1898 1993 1983 ejus,
2026 1894 2199 1962 arbor
2226 1894 2540 1961 altitudine
2570 1896 2785 1979 magna

405 1988 686 2061 creverat,
714 1982 936 2069 patulis
962 1984 1141 2049 ramis
1172 1983 1400 2049 diffusa.
1473 1984 1569 2049 Ex
1599 1986 1669 2057 ea
1695 2006 1820 2050 non
1868 1984 2046 2049 modo
2075 1984 2233 2048 viros
2262 1981 2365 2046 sed
2394 1981 2571 2045 etiam
2600 1980 2785 2045 faemi-

404 2089 514 2131 nas
563 2074 740 2153 atque
788 2092 1004 2169 pueros
1052 2070 1263 2135 solitus
1308 2078 1434 2139 erat
1481 2071 1608 2137 ulla
1656 2071 1783 2136 sine
1833 2070 2011 2157 culpa
2052 2070 2427 2155 suspendere.
2516 2066 2670 2131 Cum
2712 2089 2786 2131 ex

404 2152 613 2220 arbore
653 2155 906 2223 faemmae
933 2157 1146 2243 laqueo
1177 2158 1558 2245 strangulatae
1601 2156 2073 2237 dimittebantur,
2104 2165 2165 2222 et
2195 2155 2372 2221 simul
2421 2176 2496 2219 ex
2521 2153 2785 2219 faemina-

401 2262 538 2305 rum
563 2241 748 2329 longo
777 2244 940 2309 crine
987 2244 1245 2311 infantes
1271 2244 1443 2310 liberi
1470 2244 1829 2332 pendebant,
1860 2245 2060 2311 animo
2088 2242 2356 2331 capiebat
2382 2240 2788 2306 incredibilem

404 2328 792 2415 voluptatem.
879 2330 1174 2397 Arborem
1218 2330 1660 2398 catholicorum
1709 2332 2021 2398 hominum
2070 2328 2370 2431 suspensis
2406 2326 2788 2393 cadaveribus

401 2436 648 2480 vacuam
697 2416 786 2483 ita
835 2418 1044 2483 solitus
1089 2418 1310 2505 alloqui
1354 2420 1543 2485 fertur
1593 2425 1637 2455 “
1655 2418 1885 2505 Magna
1932 2418 2082 2483 mihi
2135 2416 2370 2495 Videris,
2421 2414 2595 2481 arbor
2635 2436 2785 2491 mea,

401 2500 614 2566 affecta
647 2501 926 2569 tristitia:
971 2526 1086 2570 nec
1110 2506 1368 2571 mirum:
1415 2505 1520 2573 diu
1555 2507 1681 2592 jam
1721 2506 1851 2591 agis
1892 2505 2055 2571 orba.
2142 2504 2278 2591 Ego
2299 2510 2361 2568 te
2389 2502 2511 2567 cito
2540 2523 2785 2567 maerore

399 2585 652 2653 levabo:
695 2594 836 2653 tuos
861 2612 1056 2655 ramos
1083 2588 1248 2655 brevi
1270 2590 1614 2678 corporibus
1641 2590 1929 2656 ornabo.'’

1175 2852 1309 2860 ...-
1334 2852 1347 2857 -
1358 2850 2049 2859 ———-———-—.——————-——-

1413 3034 1593 3099 CAP.
1639 3034 1790 3101 VH.

467 3202 558 3257 De
583 3200 818 3260 Oathalo
845 3204 1230 3271 O'Oonchure,
1254 3207 1384 3261 Mac
1407 3206 1583 3262 Forte
1607 3206 1813 3279 Anglo,
1837 3214 1895 3261 et
1918 3207 2231 3281 Anglorum
2254 3206 2487 3279 quadam
2510 3204 2723 3259 fraude.

409 3332 564 3399 Hac
653 3335 1002 3405 crudelitate
1063 3338 1374 3405 lacessitus
1445 3336 1730 3403 Guthalus
1835 3335 2196 3402 O'Conchur
2264 3340 2512 3401 renovat
2566 3339 2785 3409 motus,

405 3419 606 3487 damni
663 3423 919 3491 multum
975 3426 1238 3492 inferens
1287 3425 1524 3512 Anglis,
1577 3424 1652 3489 ab
1697 3424 1931 3509 illisque
1980 3424 2202 3489 frustra
2250 3421 2406 3509 saepe
2454 3420 2781 3505 impetitus.

403 3506 560 3572 Cum
613 3509 718 3575 ino
771 3511 1026 3598 denique
1070 3513 1214 3579 Mac
1261 3512 1481 3579 Portus
1525 3512 1764 3597 Anglus
1809 3512 1936 3597 agit
1986 3510 2060 3575 de
2116 3532 2278 3596 pace.
2368 3508 2483 3574 Ille
2510 3512 2689 3591 negat
2718 3527 2783 3569 se

401 3592 588 3660 fidem
645 3596 991 3665 habiturum
1045 3598 1190 3666 Mac
1244 3598 1429 3664 Forto
1485 3597 1955 3663 incolumitatem
2012 3595 2335 3683 pollicenti,
2378 3594 2496 3660 nisi
2550 3592 2783 3677 reginae

403 3679 706 3749 decretum
733 3691 795 3751 et
832 3686 1292 3773 chirographum
1331 3686 1623 3751 ostendat.
1709 3684 1858 3749 Dies
1900 3686 2058 3750 inter
2104 3682 2239 3748 illos
2268 3679 2667 3756 constituitur,
2712 3682 2783 3741 ut

405 3766 548 3835 Mae
577 3768 795 3837 Fortus
842 3772 1144 3839 decretum
1192 3773 1440 3839 indicet.
1529 3770 1684 3843 Quoe
1723 3770 1848 3835 dies
1897 3791 2032 3834 cum
2080 3769 2337 3834 venisset
2394 3766 2535 3831 Mac
2562 3764 2783 3831 Portus

402 3876 578 4007 Σὲῑιο,
608 3858 714 3923 sed
740 3859 994 3960 pedibus
1009 3858 1291 3927 Cathalus
1319 3868 1380 3925 et
1395 3858 1622 3924 Conlus
1639 3857 1778 3921 Mac
1801 3856 1975 3921 Goch
2125 3878 2198 3919 us
2226 3855 2335 3937 (ita
2350 3850 2777 3934 convenerant)

507 3943 868 4031 colloquium
895 3949 1279 4026 conveniunt,
1307 3946 1660 4033 interposito
1685 3942 1855 4007 nullo
1881 3944 2017 4008 inco
2038 3942 2303 4007 umitatis
2342 3948 2559 4027 pacto;
2588 3960 2783 4023 neque

403 4030 564 4095 enim
590 4031 706 4096 hoc
733 4033 1126 4099 necessarium
1143 4031 1475 4111 videbatur,
1498 4053 1633 4097 cum
1656 4036 1858 4116 posset
1875 4050 2055 4115 eques
2070 4028 2299 4115 pedites
2316 4027 2485 4093 facile
2502 4026 2777 4110 effugere,

401 4123 463 4181 et
490 4138 652 4183 nnus
701 4141 839 4185 cum
887 4119 1120 4185 duobus
1171 4118 1454 4219 congredi
1500 4140 1626 4183 non
1672 4116 1986 4182 videbatur
2026 4138 2314 4195 ausurus3
2356 4121 2640 4201 praeterea
2666 4110 2778 4176 Ca-

399 4202 606 4269 thalus
635 4210 813 4291 atque
840 4206 1067 4272 Conlus
1095 4228 1170 4273 ex
1199 4212 1496 4271 eminente
1524 4210 1586 4271 et
1628 4204 1934 4291 praecipite
1962 4224 2177 4289 aggere
2202 4201 2621 4287 loquebantur,
2664 4220 2779 4262 nec

404 4288 614 4356 eodem
655 4290 798 4358 Mac
843 4293 1064 4359 Portus
1112 4314 1479 4359 ascensurus.
1566 4291 1768 4378 Igitur
1815 4313 1953 4356 cum
2000 4290 2141 4355 Mac
2168 4289 2387 4354 Portus
2439 4284 2779 4352 schedulam

404 4398 787 4529 ΞζῖὶῗέιῖΨ
798 4378 1096 4533 ἒῖιῗέἓῧ
1117 4373 2777 4549 ⁰⁸0ffni‘31i3oe‘’11¹32⁰00ffi‡g⁶”⁶02{n{222332&33³3ssss

403 4570 504 4615 rus
551 4550 656 4617 illa
704 4553 1071 4621 continebat.
1157 4490 1373 4640 Italilue
1418 4574 1492 4618 ex
1521 4553 1642 4618 alto
1672 4572 1887 4638 aggere
1936 4552 2003 4614 in
2060 4571 2281 4635 equum
2338 4555 2400 4613 et
2428 4568 2776 4613 assessorem

477 4768 500 4794 ‘
537 4770 682 4825 A.D.
706 4773 856 4833 1577.
927 4774 1044 4831 For
1069 4777 1178 4833 this
1203 4794 1475 4835 massacre
1499 4784 1558 4831 at
1585 4772 1832 4829 Mullach
1859 4770 2026 4841 Mas-t,
2052 4790 2139 4827 see
2168 4772 2549 4829 O’Donovan’s
2575 4770 2785 4827 “Fom-

413 4834 701 4907 Masters,”
723 4860 778 4915 p.
814 4848 968 4901 1694.
2771 4891 2783 4901 .
