3634 5842
906 619 988 682 24
1337 616 1752 682 o’sunmvsm
1797 633 2110 680 msroiuffi
2154 633 2539 694 OATHOLIOAE,
2582 633 2729 679 rou.
2779 634 2823 678 1.
2992 613 3153 700 [ms.
3198 634 3274 680 11.

904 811 1038 854 rum
1113 791 1164 854 si
1213 811 1404 856 meam
1455 789 1825 874 amplecteris
1876 788 2247 868 sententiam,
2296 788 2610 854 consilium
2660 793 2959 868 mutares;
3024 808 3283 874 namque

904 874 1081 941 multi
1113 876 1231 941 huc
1259 876 1512 962 ingressi
1557 874 1812 961 amplius
1863 895 1992 940 non
2040 875 2385 953 extiterunt,
2430 875 2593 964 quod
2621 897 2747 939 non
2774 877 2917 940 satis
2944 882 3287 942 constanter

905 962 1040 1026 Deo
1067 964 1278 1029 confisi
1305 964 1444 1041 sint,
1474 984 1586 1028 nec
1613 964 1679 1027 in
1707 960 1944 1026 mortali
1966 983 2212 1046 corpore
2235 962 2627 1027 sustinuerint
2656 984 2757 1027 eos
2788 962 3102 1043 cruciatus,
3135 982 3289 1048 quos

903 1037 1244 1135 peccatores
1300 1055 1438 1136 post
1481 1046 1711 1113 obitum
1754 1048 1968 1133 iniquo
2018 1049 2216 1114 animo
2266 1049 2487 1114 ferunt.
2578 1049 2685 1114 Sin
2728 1047 2842 1113 tibi
2882 1049 3068 1114 fixum
3098 1057 3191 1114 est
3220 1048 3287 1113 id

739 1158 798 1223 [2
809 1159 884 1226 1,]
909 1136 1069 1222 quod
1114 1137 1313 1202 animo
1364 1135 1728 1203 constituisti
1778 1135 2049 1221 exequi,n
2086 1134 2225 1200 audi
2257 1135 2401 1200 dum
2444 1134 2700 1201 breviter
2728 1157 2981 1222 expono,
3010 1156 3146 1222 quse
3174 1134 3287 1200 tibi

907 1223 1034 1288 sint
1061 1231 1363 1289 eventura.
1449 1222 1720 1287 Primum
1765 1220 1883 1286 Dei
1932 1221 2117 1307 legati
2142 1220 2257 1288 tibi
2306 1227 2636 1302 occurrent,
2688 1227 2869 1309 teque
2919 1223 3165 1309 agendis
3191 1223 3285 1287 in-

906 1316 1157 1375 struent.
1245 1308 1480 1376 Deinde
1501 1308 1942 1374 cacodaemones
1971 1309 2149 1374 variis
2192 1306 2418 1374 artibus
2448 1308 2715 1396 decipere
2744 1308 3138 1388 conabuntur,
3162 1309 3287 1395 jam

905 1397 1291 1482 indulgendO,
1317 1399 1440 1484 jam
1458 1396 1808 1475 minitandO,
1835 1397 1960 1482 jam
1990 1395 2305 1461 saeviendO.
2392 1395 2621 1462 Eorum
2651 1401 2850 1462 antem
2879 1395 3285 1462 crudelitatem

905 1484 1122 1550 evades
1147 1484 1483 1564 incolumiS,
1513 1484 1641 1548 haec
1666 1482 1849 1549 verba
1892 1482 2215 1568 repetendo
2264 1488 2305 1519 “
2322 1482 2558 1548 Christe
2584 1482 2671 1548 fili
2697 1482 2817 1549 Dei
2843 1483 2983 1562 vivi,
3014 1483 3287 1548 miserere

904 1571 1022 1636 mei
1051 1570 1434 1658 peccatoris.”
1523 1569 1622 1636 Ita
1651 1593 1725 1636 ex
1751 1571 1849 1635 his
1878 1569 1984 1654 qui
2012 1575 2155 1635 sunt
2182 1592 2256 1633 ex
2282 1569 2631 1655 purgatorio
2666 1570 2905 1649 reversi,
2934 1571 3287 1656 accepimus,

905 1655 1020 1722 sibi
1049 1659 1388 1745 contigisse.
1477 1655 1596 1723 His
1626 1656 1868 1736 auditis,
1898 1679 2011 1742 ego
2042 1663 2291 1722 cunctos
2321 1656 2625 1722 osculatus
2652 1662 2715 1721 et
2742 1656 2935 1722 valere
2958 1656 3176 1743 jubens
3194 1658 3286 1722 in-

905 1744 1140 1830 gredior
1169 1753 1428 1810 antrum.
1487 1743 1636 1810 Post
1664 1766 1761 1810 me
1789 1745 1973 1809 intrat
2001 1742 2240 1830 Anglus
2269 1743 2472 1829 Eques
2500 1743 2703 1810 Taresi
2730 1742 3049 1810 Dominus.
3096 1743 3287 1822 Illico,

903 1831 1222 1917 interdicto
1251 1832 1425 1898 nobis
1455 1831 1770 1918 colloqui0,
1803 1830 1967 1916 quod
1994 1829 2088 1895 vel
2139 1839 2384 1917 propter
2427 1831 2544 1896 hoc
2572 1852 2731 1896 mors
2758 1830 3015 1896 traditur
3042 1831 3289 1917 irrogari

905 1925 967 1982 et
993 1918 1223 1984 foribus
1251 1941 1380 1987 sera
1409 1919 1787 1997 confirmatis,
1820 1918 1979 2004 prior
2008 1939 2147 1982 cum
2174 1917 2399 2003 populo
2440 1917 2774 1984 revertitur.

1001 2045 1315 2111 Vieceomes
1325 2046 1562 2129 primas
1573 2051 1787 2128 partes
1798 2042 2145 2126 purqatovii
2172 2042 2466 2123 describit,
2511 2051 2571 2109 et
2598 2043 2747 2130 qm‘d
2768 2044 3033 2127 reliqiosi
3058 2044 3288 2111 mien-

907 2137 994 2197 tes
1021 2133 1243 2197 obviam
1269 2133 1388 2216 ipsi
1417 2131 1698 2210 dherint,
1728 2129 2005 2215 explicat.
3121 2157 3127 2162 ·

991 2271 1128 2356 Ego
1155 2293 1294 2336 vero
1323 2272 1487 2336 intus
1515 2270 1784 2337 inclusus
1806 2291 1945 2334 cum
1973 2271 2129 2336 antri
2148 2269 2644 2355 magnitudinem,
2669 2270 2831 2357 quod
2848 2271 3021 2338 ulnas
3078 2277 3295 2341 uatuor

905 2358 1008 2423 lon
1097 2380 1158 2423 m
1203 2380 1331 2424 esse
1375 2364 1544 2443 puto,
1593 2355 1945 2443 specularer,
1988 2377 2125 2421 com
2168 2357 2253 2421 eri
2282 2357 2623 2424 interiorem
2691 2365 2923 2444 partem
3098 2381 3292 2440 exam,

906 2467 984 2530 pa
1050 2444 1332 2532 ulumque
1377 2444 1767 2510 extensiorem
1820 2443 1891 2508 ad
1944 2443 2007 2507 in
2160 2441 2335 2508 ‘entis
2384 2443 2593 2512 laevam
2642 2466 2867 2512 versus.
2974 2445 3115 2518 Qua
3156 2469 3296 2512 cum

905 2532 1224 2618 vestigium
1269 2533 1448 2618 figere
1475 2538 1819 2611 tentassem,
1850 2529 2045 2595 solum
2088 2529 2237 2595 adeo
2282 2530 2493 2611 debile,
2545 2529 2831 2618 pedisque
2872 2533 2991 2600 mei
3034 2533 3294 2619 pondere

901 2625 1165 2686 tremens
1211 2620 1388 2699 sensi,
1441 2625 1512 2686 ut
1559 2618 1708 2684 mihi
1756 2618 1951 2683 visum
1996 2617 2178 2682 fuerit
2235 2616 2539 2685 hominem
2587 2639 2714 2684 non
2757 2641 2937 2719 posse
2985 2620 3291 2686 sustinere.

904 2706 1140 2772 Idcirco
1190 2707 1432 2786 veritus,
1479 2729 1556 2772 ne
1599 2706 1668 2771 in
1715 2705 2092 2793 inopinatum
2142 2703 2383 2790 aliquod
2426 2711 2489 2770 et
2526 2705 2905 2791 incogmtum
2974 2707 3295 2772 rosundum

904 2793 1186 2874 hauriret,
1215 2794 1426 2881 pedem
1454 2793 1634 2860 retuli
1653 2800 1714 2858 et
1729 2791 1871 2858 fidei
1890 2789 2222 2870 catholicae,
2241 2792 2714 2877 constantiaeque
2730 2729 3007 2878 proesiAEo
3024 2793 3293 2872 vallatus,

903 2881 1070 2947 flexis
1119 2880 1372 2968 genibus
1420 2903 1623 2967 preces
1675 2902 1808 2945 sum
1858 2883 2105 2946 conatus
2148 2878 2469 2958 effundere,
2502 2879 2764 2966 mysterii
2804 2878 2957 2946 nihil
3005 2878 3167 2946 aliud
3194 2903 3292 2945 ex-

901 2968 1173 3033 istimans
1239 2967 1500 3034 subesse.
1589 2966 1892 3034 Coeterum
1940 2965 2087 3032 hora
2136 2967 2373 3032 circiter
2414 2987 2536 3032 una
2562 2971 2859 3032 transacta
2885 2966 3039 3056 coepi
3065 2969 3294 3034 cunctis

903 3053 1154 3120 artubus
1181 3056 1650 3133 contremiscere,
1681 3053 2015 3119 madescere
2043 3051 2279 3133 sudore,
2314 3052 2513 3118 dolere
2534 3052 2729 3134 corde,
2752 3060 2931 3139 atque
2972 3075 3254 3121 nauseare
3278 3080 3292 3119 ε

902 3140 1344 3292 {fflzffi
1362 3138 2999 3294 Zffifflffisffffifflffissssfflffiussffgffiffi
3024 3163 3297 3294 ἱζίιὲιιῗζ

907 3314 1159 3392 sonitus,
1188 3314 1452 3400 ingentis
1479 3313 1751 3393 tonitrui,
1781 3311 1943 3397 qnod
1988 3247 2283 3400 noppipoe
2321 3275 2492 3380 'solus
2520 3313 2741 3393 audivi,
2772 3312 2877 3379 sed
2906 3319 3203 3468 quom
3228 3315 3294 3382 in

905 3399 1104 3466 insula
1129 3401 1392 3480 fuerunt,
1423 3407 1566 3466 sunt
1594 3399 1840 3486 experti,
1873 3421 1943 3464 eo
1972 3398 2163 3484 magis
2214 3399 2459 3466 attoniti
2490 3399 2650 3486 quod
2694 3399 2819 3478 dies
2868 3407 2994 3466 erat
3235 3408 3295 3467 et

905 3509 1130 3554 serena.
1174 3487 1468 3553 Nondum
1495 3485 1788 3573 repentini
1815 3485 2068 3552 tonitrui
2088 3491 2312 3552 terrore
2332 3485 2615 3554 vacabam
2640 3509 2781 3552 cum
2799 3509 2897 3551 me
2924 3487 3078 3554 alius
3104 3509 3295 3554 novus

895 3581 967 3640 ‚et
1017 3575 1270 3663 pristino
1314 3575 1504 3661 major
1553 3595 1736 3660 pavor
1783 3573 2024 3638 invasit.
2111 3570 2396 3658 Namque
2437 3597 2647 3640 somno
2688 3597 2813 3638 non
2841 3595 3083 3660 prorsus
3110 3575 3298 3642 oculis

906 3661 1192 3742 discusso,
1222 3661 1544 3748 improviso
1573 3683 1680 3748 per
1721 3659 1999 3726 ulnarum
2050 3679 2154 3724 sex
2204 3659 2585 3726 altitudinem
2624 3659 2838 3726 labavi.
2927 3661 3069 3734 Quo
3097 3660 3297 3728 subito

905 3771 1048 3815 casu
1075 3755 1451 3837 experrectus
1479 3749 1724 3815 omnino
1752 3746 1843 3812 fui
1872 3746 2020 3813 adeo
2048 3747 2487 3833 expavefactus,
2508 3753 2719 3813 utnon
2746 3748 2913 3833 prius
2939 3749 3153 3814 fuerim
3182 3749 3299 3814 mei

905 3859 1205 3988 &3330
1221 3859 1480 3989 ffi?
1484 3834 1624 3990 3¹31?
1641 3834 2053 3990 mm}
2074 3833 3301 4008 ΡΜἛΞῙῘΞὟΡἭᾋΫΕΜᾞἘΞΞἘΞ

906 4014 969 4074 et
996 4009 1130 4075 luce
1157 4009 1463 4096 perfusum
1490 4017 1728 4076 antrum
1778 4007 1922 4089 vidi,
1954 4029 2074 4094 quo
2164 4007 2315 4074 mihi
2357 4007 2728 4096 percurrenti
2770 4007 2897 4074 solo
2946 4008 3091 4094 (jam
3144 4010 3302 4076 enim

907 4097 1135 4162 socium
1162 4095 1493 4180 amiseram)
1531 4117 1650 4183 quo
1698 4096 1891 4181 magis
1940 4094 2377 4182 progrediebar,
2410 4117 2481 4162 eo
2502 4095 2859 4181 profundius
2878 4103 3057 4181 atque
3078 4097 3303 4162 vastius

740 4198 883 4267 [22]
907 4182 1270 4250 occurrebat.
1279 4185 1310 4268 ΙΙ
1400 4181 1536 4248 Nec
1563 4189 1766 4247 tamen
1791 4182 1959 4267 prius
1992 4181 2350 4267 procedendi
2398 4183 2579 4250 finem
2624 4182 2756 4262 feci,
2790 4202 2969 4266 quam
3010 4183 3303 4249 inlocum

907 4273 1027 4338 alta
1053 4271 1306 4357 caligine
1331 4291 1594 4336 mersum
1618 4269 1926 4355 ingressus
1954 4269 2118 4334 omni
2145 4268 2295 4334 lucis
2324 4267 2639 4356 splendore
2666 4269 2757 4334 fui
2785 4267 3126 4336 destitutus.
3174 4269 3289 4337 Sed

907 4359 1027 4424 cito
1055 4357 1318 4425 tenebris
1343 4357 1606 4444 trajectis
1634 4354 1847 4421 deveni
1872 4356 1937 4420 in
1966 4353 2163 4420 aulam
2191 4355 2453 4442 amplam
2492 4354 2751 4441 quidem,
2782 4355 2891 4420 sed
2917 4378 3042 4422 non
3070 4358 3292 4444 majore

903 4445 1171 4512 claritate
1196 4445 1508 4524 nitentem,
1540 4465 1720 4530 quam
1747 4447 1841 4508 est
1869 4441 2029 4528 apud
2056 4464 2169 4509 nos
2197 4441 2239 4506 h
2278 4465 2407 4518 eme
2422 4442 2827 4529 vespertinum
2854 4443 3289 4530 crespuculum,

903 4553 1014 4596 nec
1064 4533 1348 4598 continuo
1392 4532 1616 4618 pariete
1660 4528 1959 4614 ambiente
2008 4529 2113 4595 sed
2164 4551 2231 4596 so
2260 4529 2369 4595 'dis
2418 4529 2712 4596 columnis
2752 4528 3043 4596 fornicato
3073 4530 3291 4596 vertice

902 4618 1254 4684 coeuntibus
1282 4620 1500 4684 nixam.
1590 4617 1669 4683 In
1698 4617 1810 4684 hac
1838 4621 2155 4703 postqu
2176 4619 2396 4703 soepius
2424 4615 2545 4682 huc
2572 4614 2717 4681 illuc
2746 4614 3044 4682 ambulavi
3071 4626 3290 4702 putans

899 4706 1052 4772 nihil
1075 4707 1198 4793 jam
1227 4703 1452 4772 itineris
1481 4705 1776 4791 reliquum
1822 4727 1969 4785 esse,
2000 4704 2143 4785 sedi,
2196 4703 2391 4790 operis
2418 4711 2542 4768 tam
2594 4703 2910 4790 magnifici,
2956 4705 3119 4790 quod
3162 4725 3293 4800 mea
