3634 5842
363 744 500 789 car.
531 723 707 807 v111.]
913 744 1180 792 mmm
1207 743 1512 794 ouonom
1541 744 1624 789 AB
1653 742 1887 789 Ancus
1915 743 2215 791 onrmA.
2640 730 2719 793 6⁷

355 897 444 963 las
471 897 588 963 fide
615 897 930 963 christiana
955 897 1274 963 illustratas
1295 895 1370 962 ad
1390 897 1492 983 jus
1519 896 1674 963 sodis
1693 896 2055 983 Apostolicoe
2082 898 2395 983 pertinere,
2424 918 2531 963 cur
2556 920 2719 965 nunc

355 985 574 1049 summi
599 985 894 1069 pontificis
915 986 1033 1085 jus,
1063 990 1412 1070 potestatem
1441 990 1502 1049 et
1527 984 1860 1071 imperium,
1888 990 2013 1049 tam
2042 984 2107 1049 in
2130 983 2391 1049 insulam
2416 982 2723 1051 Britanni-

353 1094 470 1151 am,
503 1093 699 1156 quam,
727 1069 1048 1149 Iberniam,
1077 1071 1263 1157 Angli
1289 1070 1555 1155 negant?
1641 1070 1796 1137 Cum
1822 1092 2004 1155 penes
2032 1070 2335 1137 Christum
2361 1070 2715 1152 Dominum,

353 1158 484 1244 ejus
509 1159 792 1224 vicarium
821 1159 1086 1237 interra,
1114 1156 1358 1224 Petrum
1385 1162 1446 1221 et
1473 1156 1652 1243 hujus
1680 1179 2043 1223 successores
2072 1158 2369 1224 Romanos
2397 1157 2721 1225 Pontifices

352 1246 415 1311 in
443 1244 670 1310 insulas
711 1251 772 1309 et
810 1245 1210 1310 continentem
1259 1243 1454 1322 simul,
1479 1242 1580 1329 jus
1607 1266 1754 1324 esse,
1799 1244 2330 1329 compertissimum
2366 1245 2462 1310 sit.
2552 1244 2718 1311 Hinc

351 1332 535 1417 igitur
561 1329 860 1416 ignorabit
885 1352 1060 1397 nemo
1089 1330 1390 1397 Iberniam
1417 1354 1542 1396 non
1563 1332 1712 1416 jure,
1759 1330 1865 1397 sed
1904 1331 2121 1397 in'uria
2162 1338 2223 1397 et
2249 1332 2583 1397 narratione
2610 1334 2719 1397 mi-

351 1419 512 1483 nime
540 1440 680 1483 vera
702 1418 884 1484 fuisse
953 1418 1164 1483 timum
1196 1417 1269 1483 ab
1312 1416 1528 1502 Anglis
1555 1416 1877 1483 obtentam.
2002 1416 2119 1483 nde
2146 1417 2337 1483 Divus
2364 1416 2723 1485 Laurentius

350 1503 688 1583 O'Tuathil,
762 1504 905 1569 Dub
974 1506 1126 1569 ἠοω
1195 1504 1690 1590 Archiepiscopus
1759 1505 1949 1569 fertur
2016 1526 2315 1569 summum
2370 1502 2719 1571 Pontificem

349 1591 600 1671 adiisse3
646 1591 720 1657 ad
739 1591 910 1657 illum
935 1613 1062 1657 rcm
1088 1591 1398 1671 retulisse3
1443 1591 1517 1656 ab
1546 1613 1618 1657 co
1642 1592 1987 1677 impetrasse
2028 1590 2307 1689 diploma,
2338 1613 2455 1676 quo
2484 1592 2579 1657 An
2622 1592 2721 1657 lus

350 1676 606 1743 Ibernioe
633 1677 1138 1745 administratione
1165 1676 1566 1743 abdicabatur.
1651 1678 1949 1743 Coetcrum
1976 1676 2208 1743 rediens
2234 1678 2301 1743 in
2328 1677 2547 1764 oppido
2636 1678 2721 1744 al·-

350 1764 463 1844 lim,
495 1765 656 1850 quod
684 1765 902 1831 dicitur
929 1765 1042 1845 Eu,
1077 1765 1244 1850 gravi
1275 1764 1478 1830 morbo
1522 1764 1881 1851 praepcditus
1911 1763 2173 1829 Creatori
2221 1764 2493 1850 spiritum
2522 1764 2721 1831 reddi-

349 1851 524 1931 disse,
554 1859 625 1917 ut
653 1872 826 1939 opem
853 1873 1034 1939 quam
1062 1874 1136 1917 cu
1177 1849 1337 1917 icbat
1375 1874 1500 1917 non
1524 1851 1786 2003 Εἴποι-ὴ
1828 1851 2033 1936 patriae
2060 1850 2229 1917 ferre.
2314 1850 2351 1917 Ι
2393 1874 2457 1917 se
2497 1852 2718 1917 relatus

347 1940 532 2003 estin
557 1938 848 2005 Divorum
890 1940 1076 2004 fastos
1103 1961 1138 2003 a
1211 1937 1480 2005 Honorio
1637 1988 1652 2003 .
1687 1938 1977 2003 Pontifice
2002 1937 2269 2003 Summo.
2404 1940 2507 2025 jus
2532 1939 2717 2003 vitam

346 2024 562 2091 litteris
609 2025 930 2092 illustravit
977 2026 1068 2091 vir
1117 2024 1360 2111 quidam
1426 2025 1744 2112 Augensis,
1797 2024 1969 2110 cujus
2016 2046 2234 2091 nomen
2280 2046 2404 2091 non
2450 2030 2629 2105 extat,
2684 2048 2721 2090 a

345 2110 668 2179 Laurentio
697 2113 873 2179 Surio
899 2112 1141 2191 relatus,
1160 2118 1232 2177 ut
1259 2112 1473 2199 accepi.

432 2198 550 2264 Sed
575 2200 690 2279 fac,
722 2200 883 2286 quod
909 2201 1302 2286 nequicquam
1323 2220 1528 2265 verum
1547 2204 1658 2277 cst,
1673 2197 1751 2264 ab
1775 2197 1995 2283 Angh's
2014 2204 2079 2263 et
2095 2199 2389 2285 pontificis
2416 2197 2718 2265 decretum

343 2283 454 2349 rite
502 2284 834 2366 obtentum,
885 2308 1080 2373 neque
1127 2296 1334 2371 postea
1385 2294 1726 2352 revocatum
1774 2292 1836 2351 ct
1884 2284 2183 2351 Iberniam
2236 2286 2359 2351 ‘ure
2408 2286 2716 2371 quaesitam

341 2372 558 2453 fuisse3
603 2381 808 2458 postea
849 2381 1051 2439 tamen
1095 2374 1258 2437 omni
1296 2374 1432 2459 jure
1479 2372 1654 2460 plane
1695 2372 2059 2451 exciderunt,
2100 2395 2211 2437 con
2262 2373 2470 2438 'tiones
2496 2396 2533 2438 a
2560 2374 2717 2458 papa

342 2458 550 2536 dictas,
599 2461 1068 2544 constitutosque
1117 2461 1484 2544 transgressi.
1588 2460 1975 2525 Conditiones
2022 2462 2091 2524 in
2137 2458 2371 2525 decreto
2420 2468 2715 2525 contentae

340 2552 486 2610 sunt
537 2546 684 2611 haec.
774 2549 862 2610 1⁰.
909 2545 998 2610 Ut
1019 2546 1278 2611 ccclesiae
1305 2547 1524 2611 limites
1541 2546 1889 2611 dilatentur.
1979 2550 2070 2610 2⁰.
2114 2544 2415 2611 Vitiorum
2432 2546 2715 2611 decursus

335 2631 751 2715 mtringatur.
841 2634 930 2696 3⁰.
977 2632 1178 2697 Mores
1207 2632 1596 2717 corrigantur.
1680 2634 1775 2697 4⁰.
1821 2631 2157 2697 Christiana
2170 2632 2377 2717 religio
2404 2640 2711 2717 augeatur.

341 2722 405 2783 5.
453 2716 572 2783 Dei
600 2717 800 2783 cultus
830 2724 892 2783 et
926 2717 1120 2783 honor
1141 2724 1204 2783 ct
1231 2718 1391 2782 salus
1409 2719 1738 2783 animarum
1765 2718 1845 2782 sit
1872 2716 2125 2783 maxime
2152 2739 2327 2783 curae.
2418 2718 2507 2783 6⁰.
2555 2718 2707 2784 Jura

337 2802 736 2869 ecclesiastica
779 2805 869 2870 int
1039 2810 1361 2869 serventur.
1451 2807 1541 2870 70.
1587 2805 1810 2869 Annua
1836 2803 2041 2891 pensio
2072 2803 2295 2869 denarii
2322 2803 2501 2869 unius
2528 2826 2565 2869 a
2592 2806 2711 2869 sin·

339 2889 500 3043 §slis
545 2892 717 2977 regni
763 2826 1036 2956 domeffis
1083 2890 1274 2956 Beato
1322 2890 1500 2955 Petro
1545 2890 1827 2957 solvenda
1852 2912 1980 2955 non
2006 2888 2263 2955 tollatur.
2338 2890 2497 2955 Ecce
2550 2912 2715 2956 nunc

401 2978 544 3043 eum
571 3000 816 3063 superos
843 2984 906 3043 et
930 2976 1134 3069 orbem
1161 2982 1448 3043 terrarum
1497 2976 1782 3062 obtestor)
1819 2976 1999 3063 quam
2046 2976 2225 3062 longe
2272 2976 2481 3045 contra
2528 2977 2715 3063 Angli

339 3062 707 3130 admiserunt
733 3071 796 3130 et
824 3063 1087 3151 quotidie
1114 3062 1457 3130 admittunt.
2090 3108 2103 3127 .

430 3154 499 3215 1⁰
541 3150 824 3219 Ecclesiae
851 3157 1236 3217 sacrm-anctae
1263 3152 1410 3216 fines
1435 3172 1560 3216 non
1587 3151 1764 3217 modo
1791 3174 1916 3217 non
1942 3150 2376 3236 amplificarunt
2402 3150 2508 3217 sed
2532 3150 2713 3237 longe

339 3240 652 3324 angustius
699 3246 1118 3305 contraxerunt
1133 3265 1152 3318 ς
1179 3240 1206 3321 ΙΙ
1259 3237 1326 3303 2⁰
1377 3238 1522 3303 vitia
1567 3238 1634 3303 in
1838 3239 1977 3303 ‘tem
2003 3242 2235 3303 vastum
2263 3244 2594 3317 auxerunt3
2640 3239 2709 3304 3⁰
2735 3224 2877 3297 1⁶²3

340 3324 544 3391 Mores
595 3325 988 3412 depravarunt
1035 3332 1096 3390 et
1163 3334 1570 3411 corruperunt.
1655 3324 1728 3389 4⁰
1824 3326 2169 3391 hristianam
2216 3324 2562 3410 religionem
2610 3348 2711 3391 ex·

337 3410 680 3490 tinxerunt3
726 3411 794 3477 5⁰
835 3412 954 3478 Dei
1003 3412 1228 3478 cultum
1277 3412 1566 3477 honorem
1613 3419 1674 3477 et
1705 3414 2049 3513 ‘ani-marum
2090 3411 2341 3511 salutem
2367 3435 2492 3478 non
2518 3412 2713 3479 solum

345 3498 1348 3671 ”airammum
1395 3498 2496 3664 fflffifisfflfflffl
2522 3506 2711 3649 a?

339 3608 706 3770 zabolicam
733 3671 1004 3773 tund-itus
1050 3671 1342 3771 delerunt.
1427 3675 1494 3736 9⁰
1541 3672 1718 3737 Sacra
1741 3672 2106 3757 profanaque
2148 3671 2549 3769 miscuerunt3
2597 3672 2709 3735 10⁰

338 3756 2711 3929 fffflfffffflpssfffflfflfissffss{2³33}221ssfflmaoem,⁰ffi⁹d?..ffi¹¹3funssff’

920 4102 1152 4113 ——————-—·—

1305 4290 1481 4357 CAP.
1529 4290 1714 4357 VIII.

499 4474 678 4545 Leges
703 4481 864 4545 atque
887 4491 1066 4530 mores
1090 4472 1298 4542 aliquot
1321 4471 1390 4524 ab
1415 4470 1608 4543 Anglis
1631 4470 1688 4524 in
1715 4468 1995 4524 Iber-niam
2018 4468 2141 4522 latas
2164 4474 2505 4538 repetuntur.

339 4622 466 4687 His
495 4625 640 4689 satis
667 4622 938 4703 efficitur,
967 4622 1043 4689 ab
1071 4620 1288 4709 Anglis
1317 4620 1618 4689 Iberniam
1645 4620 1869 4708 injuste
1896 4621 2106 4687 teneri.
2190 4619 2508 4707 Reliquum
2536 4628 2713 4689 estut

337 4708 448 4775 hoc
468 4710 586 4777 loci
613 4711 680 4775 in
707 4710 966 4775 medium
1017 4710 1338 4797 prodamus
1366 4708 1564 4795 aliqua
1605 4710 1876 4796 exempla
1924 4730 2129 4775 eorum
2172 4707 2711 4787 administrationis,

335 4817 526 4865 mores
568 4820 812 4883 paucos,
841 4797 1120 4883 legesque
1161 4797 1522 4865 nonnullas:
1569 4794 1786 4883 quibus
1830 4796 2089 4864 Iberniae
2122 4794 2544 4883 rempublicam
2574 4819 2711 4864 cum
