<?xml version="1.0" encoding="UTF-8"?>
<!DOCTYPE html PUBLIC "-//W3C//DTD XHTML 1.0 Transitional//EN"
    "http://www.w3.org/TR/xhtml1/DTD/xhtml1-transitional.dtd">
<html xmlns="http://www.w3.org/1999/xhtml" xml:lang="en" lang="en">
 <head>
  <title>
</title>
<meta http-equiv="Content-Type" content="text/html;charset=utf-8" />
  <meta name='ocr-system' content='tesseract 3.04.00' />
  <meta name='ocr-capabilities' content='ocr_page ocr_carea ocr_par ocr_line ocrx_word'/>
</head>
<body>
  <div class='ocr_page' id='page_1' title='image "./historicatholic00kellgoog_0071.png"; bbox 0 0 3634 5842; ppageno 0'>
   <div class='ocr_carea' id='block_1_1' title="bbox 330 717 2711 801">
    <p class='ocr_par' dir='ltr' id='par_1_1' title="bbox 330 717 2711 801">
     <span class='ocr_line' id='line_1_1' title="bbox 330 717 2711 801; baseline 0.003 -19"><span class='ocrx_word' id='word_1_1' title='bbox 330 739 469 783; x_wconf 63' lang='lat' dir='ltr'><strong>car.</strong></span> <span class='ocrx_word' id='word_1_2' title='bbox 501 717 594 801; x_wconf 82' lang='lat' dir='ltr'><strong>v.]</strong></span> <span class='ocrx_word' id='word_1_3' title='bbox 817 739 902 784; x_wconf 72' lang='lat' dir='ltr'><strong>nn</strong></span> <span class='ocrx_word' id='word_1_4' title='bbox 947 739 1326 788; x_wconf 67' lang='lat' dir='ltr'><strong>mansorum</strong></span> <span class='ocrx_word' id='word_1_5' title='bbox 1371 741 1658 800; x_wconf 73' lang='lat' dir='ltr'><strong>onrcnm,</strong></span> <span class='ocrx_word' id='word_1_6' title='bbox 1703 742 2101 799; x_wconf 64' lang='lat' dir='ltr'><strong>sommum,</strong></span> <span class='ocrx_word' id='word_1_7' title='bbox 2148 726 2254 789; x_wconf 74' lang='grc' dir='ltr'><strong>διο.</strong></span> <span class='ocrx_word' id='word_1_8' title='bbox 2630 727 2711 788; x_wconf 84' lang='grc'><strong>35</strong></span> 
     </span>
    </p>
   </div>
   <div class='ocr_carea' id='block_1_2' title="bbox 319 891 2717 1849">
    <p class='ocr_par' dir='ltr' id='par_1_2' title="bbox 319 891 2717 1849">
     <span class='ocr_line' id='line_1_2' title="bbox 327 891 2714 979; baseline 0.002 -24"><span class='ocrx_word' id='word_1_9' title='bbox 327 891 789 971; x_wconf 74' lang='lat' dir='ltr'><strong>machinaturos,</strong></span> <span class='ocrx_word' id='word_1_10' title='bbox 818 899 924 958; x_wconf 85' lang='lat' dir='ltr'><strong>aut</strong></span> <span class='ocrx_word' id='word_1_11' title='bbox 950 894 1338 979; x_wconf 77' lang='lat' dir='ltr'>permissuros</span> <span class='ocrx_word' id='word_1_12' title='bbox 1388 901 1460 960; x_wconf 89' lang='lat' dir='ltr'><strong>ut</strong></span> <span class='ocrx_word' id='word_1_13' title='bbox 1505 895 1768 974; x_wconf 83' lang='lat' dir='ltr'><strong>clientes,</strong></span> <span class='ocrx_word' id='word_1_14' title='bbox 1799 895 2051 961; x_wconf 79' lang='lat' dir='ltr'><strong>obaerati</strong></span> <span class='ocrx_word' id='word_1_15' title='bbox 2079 902 2141 961; x_wconf 89' lang='lat' dir='ltr'><strong>et</strong></span> <span class='ocrx_word' id='word_1_16' title='bbox 2168 917 2299 961; x_wconf 85' lang='lat' dir='ltr'><strong>suae</strong></span> <span class='ocrx_word' id='word_1_17' title='bbox 2328 894 2542 960; x_wconf 87' lang='lat' dir='ltr'><strong>ditioni</strong></span> <span class='ocrx_word' id='word_1_18' title='bbox 2568 895 2714 960; x_wconf 90' lang='lat' dir='ltr'><strong>sub-</strong></span> 
     </span>
     <span class='ocr_line' id='line_1_3' title="bbox 319 977 2713 1068; baseline 0.001 -24"><span class='ocrx_word' id='word_1_19' title='bbox 319 977 468 1065; x_wconf 88' lang='lat' dir='ltr'><strong>jecti</strong></span> <span class='ocrx_word' id='word_1_20' title='bbox 524 977 866 1044; x_wconf 78' lang='lat' dir='ltr'><strong>moliantur.</strong></span> <span class='ocrx_word' id='word_1_21' title='bbox 957 979 1126 1053; x_wconf 83' lang='lat' dir='ltr'><strong>Quin</strong></span> <span class='ocrx_word' id='word_1_22' title='bbox 1174 982 1354 1048; x_wconf 88' lang='lat' dir='ltr'><strong>etiam</strong></span> <span class='ocrx_word' id='word_1_23' title='bbox 1403 983 1454 1048; x_wconf 88' lang='lat' dir='ltr'><strong>si</strong></span> <span class='ocrx_word' id='word_1_24' title='bbox 1502 1004 1740 1048; x_wconf 87' lang='lat' dir='ltr'><strong>necesse</strong></span> <span class='ocrx_word' id='word_1_25' title='bbox 1785 983 2044 1048; x_wconf 81' lang='lat' dir='ltr'><strong>habeant</strong></span> <span class='ocrx_word' id='word_1_26' title='bbox 2094 982 2447 1068; x_wconf 87' lang='lat' dir='ltr'><strong>sanguinem</strong></span> <span class='ocrx_word' id='word_1_27' title='bbox 2490 1003 2599 1066; x_wconf 89' lang='lat' dir='ltr'><strong>pro</strong></span> <span class='ocrx_word' id='word_1_28' title='bbox 2640 1003 2713 1047; x_wconf 84' lang='lat' dir='ltr'><strong>ea</strong></span> 
     </span>
     <span class='ocr_line' id='line_1_4' title="bbox 325 1065 2713 1153; baseline 0.001 -23"><span class='ocrx_word' id='word_1_29' title='bbox 325 1065 616 1130; x_wconf 78' lang='lat' dir='ltr'><strong>effusurus</strong></span> <span class='ocrx_word' id='word_1_30' title='bbox 645 1073 706 1130; x_wconf 88' lang='lat' dir='ltr'><strong>et</strong></span> <span class='ocrx_word' id='word_1_31' title='bbox 732 1073 986 1133; x_wconf 87' lang='lat' dir='ltr'><strong>mortem</strong></span> <span class='ocrx_word' id='word_1_32' title='bbox 1015 1069 1404 1153; x_wconf 85' lang='lat' dir='ltr'><strong>oppetituros,</strong></span> <span class='ocrx_word' id='word_1_33' title='bbox 1433 1069 1734 1134; x_wconf 86' lang='lat' dir='ltr'><strong>sub&#39;ectos</strong></span> <span class='ocrx_word' id='word_1_34' title='bbox 1782 1069 1898 1135; x_wconf 85' lang='lat' dir='ltr'>sibi</span> <span class='ocrx_word' id='word_1_35' title='bbox 1924 1070 1991 1134; x_wconf 90' lang='lat' dir='ltr'><strong>in</strong></span> <span class='ocrx_word' id='word_1_36' title='bbox 2018 1068 2211 1135; x_wconf 88' lang='lat' dir='ltr'><strong>officio</strong></span> <span class='ocrx_word' id='word_1_37' title='bbox 2240 1075 2623 1134; x_wconf 80' lang='lat' dir='ltr'><strong>contenturos</strong></span> <span class='ocrx_word' id='word_1_38' title='bbox 2650 1075 2713 1133; x_wconf 88' lang='lat' dir='ltr'><strong>et</strong></span> 
     </span>
     <span class='ocr_line' id='line_1_5' title="bbox 324 1153 2714 1242; baseline 0.002 -26"><span class='ocrx_word' id='word_1_39' title='bbox 324 1153 484 1217; x_wconf 86' lang='lat' dir='ltr'><strong>inter</strong></span> <span class='ocrx_word' id='word_1_40' title='bbox 509 1173 612 1216; x_wconf 85' lang='lat' dir='ltr'><strong>eos</strong></span> <span class='ocrx_word' id='word_1_41' title='bbox 649 1153 944 1237; x_wconf 86' lang='lat' dir='ltr'><strong>justitiam</strong></span> <span class='ocrx_word' id='word_1_42' title='bbox 987 1155 1364 1220; x_wconf 83' lang='lat' dir='ltr'><strong>exercituros.</strong></span> <span class='ocrx_word' id='word_1_43' title='bbox 1453 1154 1531 1220; x_wconf 90' lang='lat' dir='ltr'><strong>In</strong></span> <span class='ocrx_word' id='word_1_44' title='bbox 1573 1177 1606 1220; x_wconf 88' lang='lat' dir='ltr'><strong>e</strong></span> <span class='ocrx_word' id='word_1_45' title='bbox 1635 1178 1672 1221; x_wconf 92' lang='lat' dir='ltr'><strong>a</strong></span> <span class='ocrx_word' id='word_1_46' title='bbox 1697 1155 2002 1221; x_wconf 79' lang='lat' dir='ltr'><strong>sacerdote</strong></span> <span class='ocrx_word' id='word_1_47' title='bbox 2029 1178 2261 1222; x_wconf 89' lang='lat' dir='ltr'><strong>sacrum</strong></span> <span class='ocrx_word' id='word_1_48' title='bbox 2315 1156 2517 1220; x_wconf 77' lang='lat' dir='ltr'><strong>missoe</strong></span> <span class='ocrx_word' id='word_1_49' title='bbox 2546 1177 2714 1242; x_wconf 85' lang='lat' dir='ltr'><strong>pera-</strong></span> 
     </span>
     <span class='ocr_line' id='line_1_6' title="bbox 324 1239 2717 1328; baseline 0.002 -24"><span class='ocrx_word' id='word_1_50' title='bbox 324 1239 490 1325; x_wconf 80' lang='lat' dir='ltr'><strong>gitur</strong></span> <span class='ocrx_word' id='word_1_51' title='bbox 515 1243 579 1304; x_wconf 86' lang='lat' dir='ltr'><strong>et</strong></span> <span class='ocrx_word' id='word_1_52' title='bbox 603 1239 774 1325; x_wconf 82' lang='lat' dir='ltr'><strong>virga</strong></span> <span class='ocrx_word' id='word_1_53' title='bbox 799 1247 1175 1306; x_wconf 86' lang='lat' dir='ltr'><strong>consecratur</strong></span> <span class='ocrx_word' id='word_1_54' title='bbox 1261 1263 1362 1306; x_wconf 86' lang='lat' dir='ltr'><strong>uae</strong></span> <span class='ocrx_word' id='word_1_55' title='bbox 1405 1241 1472 1307; x_wconf 89' lang='lat' dir='ltr'><strong>in</strong></span> <span class='ocrx_word' id='word_1_56' title='bbox 1515 1248 1815 1328; x_wconf 81' lang='lat' dir='ltr'><strong>sceptrum</strong></span> <span class='ocrx_word' id='word_1_57' title='bbox 1862 1265 2023 1308; x_wconf 87' lang='lat' dir='ltr'><strong>novo</strong></span> <span class='ocrx_word' id='word_1_58' title='bbox 2048 1242 2305 1328; x_wconf 86' lang='lat' dir='ltr'><strong>principi</strong></span> <span class='ocrx_word' id='word_1_59' title='bbox 2329 1242 2585 1311; x_wconf 82' lang='lat' dir='ltr'><strong>traditu-1·</strong></span> <span class='ocrx_word' id='word_1_60' title='bbox 2611 1243 2717 1326; x_wconf 90' lang='lat' dir='ltr'><strong>qui</strong></span> 
     </span>
     <span class='ocr_line' id='line_1_7' title="bbox 325 1263 2713 1416; baseline 0.001 -25"><span class='ocrx_word' id='word_1_61' title='bbox 325 1326 505 1391; x_wconf 91' lang='lat' dir='ltr'><strong>certis</strong></span> <span class='ocrx_word' id='word_1_62' title='bbox 533 1329 596 1390; x_wconf 88' lang='lat' dir='ltr'><strong>et</strong></span> <span class='ocrx_word' id='word_1_63' title='bbox 623 1347 806 1392; x_wconf 89' lang='lat' dir='ltr'><strong>conce</strong></span> <span class='ocrx_word' id='word_1_64' title='bbox 847 1327 926 1391; x_wconf 91' lang='lat' dir='ltr'><strong>tis</strong></span> <span class='ocrx_word' id='word_1_65' title='bbox 953 1326 1147 1392; x_wconf 85' lang='lat' dir='ltr'><strong>verbis</strong></span> <span class='ocrx_word' id='word_1_66' title='bbox 1197 1263 1272 1393; x_wconf 56' lang='grc' dir='ltr'><strong>οἳ)</strong></span> <span class='ocrx_word' id='word_1_67' title='bbox 1323 1350 1394 1394; x_wconf 91' lang='lat' dir='ltr'><strong>eo</strong></span> <span class='ocrx_word' id='word_1_68' title='bbox 1423 1331 1529 1414; x_wconf 90' lang='lat' dir='ltr'><strong>qui</strong></span> <span class='ocrx_word' id='word_1_69' title='bbox 1583 1330 1926 1416; x_wconf 85' lang='lat' dir='ltr'><strong>inaugurat,</strong></span> <span class='ocrx_word' id='word_1_70' title='bbox 1952 1329 2216 1415; x_wconf 88' lang='lat' dir='ltr'><strong>prolatis,</strong></span> <span class='ocrx_word' id='word_1_71' title='bbox 2246 1328 2342 1394; x_wconf 84' lang='lat' dir='ltr'><strong>vel</strong></span> <span class='ocrx_word' id='word_1_72' title='bbox 2368 1327 2713 1394; x_wconf 83' lang='lat' dir='ltr'><strong>O’Sulleva·</strong></span> 
     </span>
     <span class='ocr_line' id='line_1_8' title="bbox 324 1349 2717 1504; baseline 0.001 -26"><span class='ocrx_word' id='word_1_73' title='bbox 324 1433 464 1491; x_wconf 89' lang='lat' dir='ltr'><strong>nus,</strong></span> <span class='ocrx_word' id='word_1_74' title='bbox 493 1411 588 1478; x_wconf 84' lang='lat' dir='ltr'><strong>vel</strong></span> <span class='ocrx_word' id='word_1_75' title='bbox 616 1349 922 1493; x_wconf 58' lang='lat' dir='ltr'><strong>O’Balfus,</strong></span> <span class='ocrx_word' id='word_1_76' title='bbox 950 1414 1046 1479; x_wconf 87' lang='lat' dir='ltr'><strong>vel</strong></span> <span class='ocrx_word' id='word_1_77' title='bbox 1071 1413 1224 1480; x_wconf 88' lang='lat' dir='ltr'><strong>alius</strong></span> <span class='ocrx_word' id='word_1_78' title='bbox 1250 1421 1483 1482; x_wconf 85' lang='lat' dir='ltr'><strong>creatur</strong></span> <span class='ocrx_word' id='word_1_79' title='bbox 1525 1421 1588 1482; x_wconf 85' lang='lat' dir='ltr'><strong>et</strong></span> <span class='ocrx_word' id='word_1_80' title='bbox 1631 1416 1960 1504; x_wconf 85' lang='lat' dir='ltr'><strong>appellatur</strong></span> <span class='ocrx_word' id='word_1_81' title='bbox 2009 1422 2072 1480; x_wconf 91' lang='lat' dir='ltr'><strong>et</strong></span> <span class='ocrx_word' id='word_1_82' title='bbox 2118 1439 2156 1482; x_wconf 91' lang='lat' dir='ltr'><strong>a</strong></span> <span class='ocrx_word' id='word_1_83' title='bbox 2199 1414 2717 1482; x_wconf 85' lang='lat' dir='ltr'><strong>circumstantibus</strong></span> 
     </span>
     <span class='ocr_line' id='line_1_9' title="bbox 323 1499 2717 1588; baseline 0.001 -24"><span class='ocrx_word' id='word_1_84' title='bbox 323 1499 726 1579; x_wconf 76' lang='lat' dir='ltr'><strong>renunciatur,</strong></span> <span class='ocrx_word' id='word_1_85' title='bbox 755 1522 868 1566; x_wconf 85' lang='lat' dir='ltr'><strong>nee</strong></span> <span class='ocrx_word' id='word_1_86' title='bbox 895 1501 1150 1588; x_wconf 86' lang='lat' dir='ltr'><strong>amplius</strong></span> <span class='ocrx_word' id='word_1_87' title='bbox 1239 1503 1438 1588; x_wconf 89' lang='lat' dir='ltr'><strong>roprio</strong></span> <span class='ocrx_word' id='word_1_88' title='bbox 1468 1501 1544 1569; x_wconf 89' lang='lat' dir='ltr'><strong>ba</strong></span> <span class='ocrx_word' id='word_1_89' title='bbox 1583 1503 1837 1569; x_wconf 88' lang='lat' dir='ltr'><strong>tismatis</strong></span> <span class='ocrx_word' id='word_1_90' title='bbox 1864 1504 2105 1568; x_wconf 89' lang='lat' dir='ltr'><strong>nomine</strong></span> <span class='ocrx_word' id='word_1_91' title='bbox 2134 1503 2285 1568; x_wconf 90' lang='lat' dir='ltr'><strong>solet</strong></span> <span class='ocrx_word' id='word_1_92' title='bbox 2311 1503 2527 1568; x_wconf 84' lang='lat' dir='ltr'><strong>vocari.</strong></span> <span class='ocrx_word' id='word_1_93' title='bbox 2616 1502 2717 1567; x_wconf 79' lang='lat' dir='ltr'><strong>sio</strong></span> 
     </span>
     <span class='ocr_line' id='line_1_10' title="bbox 325 1586 2717 1687; baseline 0.001 -37"><span class='ocrx_word' id='word_1_94' title='bbox 325 1586 611 1652; x_wconf 83' lang='lat' dir='ltr'><strong>vetustati</strong></span> <span class='ocrx_word' id='word_1_95' title='bbox 664 1587 910 1687; x_wconf 83' lang='lat' dir='ltr'><strong>placuit,</strong></span> <span class='ocrx_word' id='word_1_96' title='bbox 939 1609 1051 1654; x_wconf 87' lang='lat' dir='ltr'><strong>nec</strong></span> <span class='ocrx_word' id='word_1_97' title='bbox 1095 1589 1138 1654; x_wconf 90' lang='lat' dir='ltr'><strong>h</strong></span> <span class='ocrx_word' id='word_1_98' title='bbox 1224 1589 1274 1653; x_wconf 86' lang='lat' dir='ltr'><strong>‘e</strong></span> <span class='ocrx_word' id='word_1_99' title='bbox 1317 1590 1497 1655; x_wconf 87' lang='lat' dir='ltr'><strong>etiam</strong></span> <span class='ocrx_word' id='word_1_100' title='bbox 1570 1590 1804 1676; x_wconf 87' lang='lat' dir='ltr'><strong>isplicet</strong></span> <span class='ocrx_word' id='word_1_101' title='bbox 1846 1595 1907 1655; x_wconf 84' lang='lat' dir='ltr'><strong>et</strong></span> <span class='ocrx_word' id='word_1_102' title='bbox 1949 1588 2003 1654; x_wconf 92' lang='lat' dir='ltr'><strong>si</strong></span> <span class='ocrx_word' id='word_1_103' title='bbox 2032 1589 2417 1668; x_wconf 88' lang='lat' dir='ltr'><strong>Marchionis‚</strong></span> <span class='ocrx_word' id='word_1_104' title='bbox 2447 1588 2717 1666; x_wconf 88' lang='lat' dir='ltr'><strong>Comitis,</strong></span> 
     </span>
     <span class='ocr_line' id='line_1_11' title="bbox 326 1671 2717 1764; baseline 0.001 -27"><span class='ocrx_word' id='word_1_105' title='bbox 326 1671 711 1739; x_wconf 75' lang='lat' dir='ltr'><strong>Vicecomitls</strong></span> <span class='ocrx_word' id='word_1_106' title='bbox 739 1680 802 1740; x_wconf 90' lang='lat' dir='ltr'><strong>et</strong></span> <span class='ocrx_word' id='word_1_107' title='bbox 827 1674 1080 1740; x_wconf 76' lang='lat' dir='ltr'><strong>Batonis</strong></span> <span class='ocrx_word' id='word_1_108' title='bbox 1109 1675 1448 1762; x_wconf 82' lang='lat' dir='ltr'><strong>dignitates,</strong></span> <span class='ocrx_word' id='word_1_109' title='bbox 1479 1699 1626 1763; x_wconf 86' lang='lat' dir='ltr'><strong>quas</strong></span> <span class='ocrx_word' id='word_1_110' title='bbox 1655 1676 1897 1742; x_wconf 87' lang='lat' dir='ltr'><strong>Ibernia</strong></span> <span class='ocrx_word' id='word_1_111' title='bbox 1926 1675 2031 1742; x_wconf 88' lang='lat' dir='ltr'><strong>diu</strong></span> <span class='ocrx_word' id='word_1_112' title='bbox 2057 1676 2286 1764; x_wconf 86' lang='lat' dir='ltr'><strong>respuit</strong></span> <span class='ocrx_word' id='word_1_113' title='bbox 2310 1675 2406 1742; x_wconf 89' lang='lat' dir='ltr'><strong>his</strong></span> <span class='ocrx_word' id='word_1_114' title='bbox 2434 1674 2717 1760; x_wconf 88' lang='lat' dir='ltr'><strong>antiquis-</strong></span> 
     </span>
     <span class='ocr_line' id='line_1_12' title="bbox 327 1759 2261 1849; baseline 0.002 -25"><span class='ocrx_word' id='word_1_115' title='bbox 327 1759 492 1826; x_wconf 84' lang='lat' dir='ltr'><strong>simis</strong></span> <span class='ocrx_word' id='word_1_116' title='bbox 517 1760 712 1827; x_wconf 88' lang='lat' dir='ltr'><strong>titulis</strong></span> <span class='ocrx_word' id='word_1_117' title='bbox 737 1761 1126 1848; x_wconf 80' lang='lat' dir='ltr'><strong>posthabitas,</strong></span> <span class='ocrx_word' id='word_1_118' title='bbox 1149 1763 1275 1848; x_wconf 86' lang='lat' dir='ltr'><strong>jam</strong></span> <span class='ocrx_word' id='word_1_119' title='bbox 1304 1763 1426 1829; x_wconf 91' lang='lat' dir='ltr'><strong>sint</strong></span> <span class='ocrx_word' id='word_1_120' title='bbox 1451 1764 1517 1828; x_wconf 90' lang='lat' dir='ltr'><strong>in</strong></span> <span class='ocrx_word' id='word_1_121' title='bbox 1543 1785 1763 1849; x_wconf 86' lang='lat' dir='ltr'><strong>magno</strong></span> <span class='ocrx_word' id='word_1_122' title='bbox 1789 1785 1909 1829; x_wconf 86' lang='lat' dir='ltr'><strong>usu</strong></span> <span class='ocrx_word' id='word_1_123' title='bbox 1936 1762 2261 1830; x_wconf 87' lang='lat' dir='ltr'><strong>ethonore.</strong></span> 
     </span>
    </p>
   </div>
   <div class='ocr_carea' id='block_1_3' title="bbox 1339 2411 1666 2478">
    <p class='ocr_par' dir='ltr' id='par_1_3' title="bbox 1339 2411 1666 2478">
     <span class='ocr_line' id='line_1_13' title="bbox 1339 2411 1666 2478; baseline 0 -2"><span class='ocrx_word' id='word_1_124' title='bbox 1339 2411 1519 2478; x_wconf 86' lang='lat' dir='ltr'><strong>CAP.</strong></span> <span class='ocrx_word' id='word_1_125' title='bbox 1587 2411 1666 2476; x_wconf 83' lang='lat' dir='ltr'><strong>V.</strong></span> 
     </span>
    </p>
   </div>
   <div class='ocr_carea' id='block_1_4' title="bbox 579 2610 2474 2756">
    <p class='ocr_par' dir='ltr' id='par_1_4' title="bbox 579 2610 2474 2756">
     <span class='ocr_line' id='line_1_14' title="bbox 579 2610 2474 2686; baseline 0.001 -21"><span class='ocrx_word' id='word_1_126' title='bbox 579 2610 692 2666; x_wconf 85' lang='lat' dir='ltr'><strong>Hic</strong></span> <span class='ocrx_word' id='word_1_127' title='bbox 718 2612 1044 2668; x_wconf 83' lang='lat' dir='ltr'><strong>lbernorum</strong></span> <span class='ocrx_word' id='word_1_128' title='bbox 1067 2613 1358 2668; x_wconf 82' lang='lat' dir='ltr'><strong>titulorum</strong></span> <span class='ocrx_word' id='word_1_129' title='bbox 1380 2631 1511 2668; x_wconf 87' lang='lat' dir='ltr'><strong>usus</strong></span> <span class='ocrx_word' id='word_1_130' title='bbox 1535 2615 1680 2686; x_wconf 82' lang='lat' dir='ltr'><strong>apud</strong></span> <span class='ocrx_word' id='word_1_131' title='bbox 1705 2613 1840 2668; x_wconf 81' lang='lat' dir='ltr'><strong>alias</strong></span> <span class='ocrx_word' id='word_1_132' title='bbox 1862 2623 2053 2686; x_wconf 83' lang='lat' dir='ltr'><strong>gentes</strong></span> <span class='ocrx_word' id='word_1_133' title='bbox 2079 2613 2474 2668; x_wconf 82' lang='lat' dir='ltr'><strong>vetustissimas</strong></span> 
     </span>
     <span class='ocr_line' id='line_1_15' title="bbox 791 2682 2268 2756; baseline 0.001 -20"><span class='ocrx_word' id='word_1_134' title='bbox 791 2682 956 2737; x_wconf 83' lang='lat' dir='ltr'><strong>fuisse</strong></span> <span class='ocrx_word' id='word_1_135' title='bbox 976 2685 1263 2755; x_wconf 84' lang='lat' dir='ltr'><strong>probatur,</strong></span> <span class='ocrx_word' id='word_1_136' title='bbox 1289 2691 1536 2739; x_wconf 79' lang='lat' dir='ltr'><strong>veterum</strong></span> <span class='ocrx_word' id='word_1_137' title='bbox 1560 2685 1895 2756; x_wconf 82' lang='lat' dir='ltr'><strong>scriptorum</strong></span> <span class='ocrx_word' id='word_1_138' title='bbox 1919 2685 2268 2740; x_wconf 82' lang='lat' dir='ltr'><strong>testimoniis.</strong></span> 
     </span>
    </p>
   </div>
   <div class='ocr_carea' id='block_1_5' title="bbox 325 2867 2885 4864">
    <p class='ocr_par' dir='ltr' id='par_1_5' title="bbox 325 2867 2885 4864">
     <span class='ocr_line' id='line_1_16' title="bbox 333 2867 2885 2968; baseline 0.001 -32"><span class='ocrx_word' id='word_1_139' title='bbox 333 2869 644 2956; x_wconf 77' lang='lat' dir='ltr'><strong>quscus</strong></span> <span class='ocrx_word' id='word_1_140' title='bbox 673 2873 874 2934; x_wconf 87' lang='lat' dir='ltr'><strong>autem</strong></span> <span class='ocrx_word' id='word_1_141' title='bbox 901 2867 1004 2933; x_wconf 91' lang='lat' dir='ltr'><strong>ille</strong></span> <span class='ocrx_word' id='word_1_142' title='bbox 1029 2890 1160 2933; x_wconf 90' lang='lat' dir='ltr'><strong>mos</strong></span> <span class='ocrx_word' id='word_1_143' title='bbox 1187 2868 1535 2968; x_wconf 87' lang='lat' dir='ltr'><strong>imponendi</strong></span> <span class='ocrx_word' id='word_1_144' title='bbox 1567 2869 1947 2957; x_wconf 88' lang='lat' dir='ltr'><strong>magnatibus</strong></span> <span class='ocrx_word' id='word_1_145' title='bbox 1974 2869 2221 2935; x_wconf 90' lang='lat' dir='ltr'><strong>nomina</strong></span> <span class='ocrx_word' id='word_1_146' title='bbox 2288 2867 2617 2952; x_wconf 87' lang='lat' dir='ltr'><strong>rincipatus</strong></span> <span class='ocrx_word' id='word_1_147' title='bbox 2658 2875 2721 2935; x_wconf 89' lang='lat' dir='ltr'><strong>et</strong></span> <span class='ocrx_word' id='word_1_148' title='bbox 2741 2872 2885 2941; x_wconf 83' lang='lat'><strong>[34.]</strong></span> 
     </span>
     <span class='ocr_line' id='line_1_17' title="bbox 325 2954 2714 3045; baseline 0 -23"><span class='ocrx_word' id='word_1_149' title='bbox 325 2957 640 3045; x_wconf 81' lang='lat' dir='ltr'><strong>dignitatis</strong></span> <span class='ocrx_word' id='word_1_150' title='bbox 688 2954 1048 3020; x_wconf 83' lang='lat' dir='ltr'><strong>Ibernorum</strong></span> <span class='ocrx_word' id='word_1_151' title='bbox 1090 2977 1366 3042; x_wconf 87' lang='lat' dir='ltr'><strong>propnus</strong></span> <span class='ocrx_word' id='word_1_152' title='bbox 1413 2979 1537 3023; x_wconf 89' lang='lat' dir='ltr'><strong>non</strong></span> <span class='ocrx_word' id='word_1_153' title='bbox 1586 2963 1695 3037; x_wconf 90' lang='lat' dir='ltr'><strong>est,</strong></span> <span class='ocrx_word' id='word_1_154' title='bbox 1749 2956 1855 3023; x_wconf 89' lang='lat' dir='ltr'><strong>sed</strong></span> <span class='ocrx_word' id='word_1_155' title='bbox 1903 2979 2044 3023; x_wconf 87' lang='lat' dir='ltr'><strong>cum</strong></span> <span class='ocrx_word' id='word_1_156' title='bbox 2088 2957 2253 3042; x_wconf 87' lang='lat' dir='ltr'><strong>genti</strong></span> <span class='ocrx_word' id='word_1_157' title='bbox 2295 2978 2368 3020; x_wconf 89' lang='lat' dir='ltr'><strong>us</strong></span> <span class='ocrx_word' id='word_1_158' title='bbox 2397 2955 2527 3020; x_wconf 86' lang='lat' dir='ltr'><strong>aliis</strong></span> <span class='ocrx_word' id='word_1_159' title='bbox 2554 2977 2714 3024; x_wconf 89' lang='lat' dir='ltr'><strong>eom-</strong></span> 
     </span>
     <span class='ocr_line' id='line_1_18' title="bbox 326 3041 2727 3145; baseline -0 -35"><span class='ocrx_word' id='word_1_160' title='bbox 326 3045 549 3145; x_wconf 75' lang='lat' dir='ltr'><strong>munis.</strong></span> <span class='ocrx_word' id='word_1_161' title='bbox 635 3042 917 3144; x_wconf 58' lang='lat' dir='ltr'><strong>Namque</strong></span> <span class='ocrx_word' id='word_1_162' title='bbox 943 3048 1276 3108; x_wconf 83' lang='lat' dir='ltr'><strong>exterarum</strong></span> <span class='ocrx_word' id='word_1_163' title='bbox 1328 3065 1564 3143; x_wconf 70' lang='lat' dir='ltr'><strong>qnoque</strong></span> <span class='ocrx_word' id='word_1_164' title='bbox 1613 3045 1887 3145; x_wconf 73' lang='lat' dir='ltr'><strong>gentium</strong></span> <span class='ocrx_word' id='word_1_165' title='bbox 1934 3065 2123 3130; x_wconf 86' lang='lat' dir='ltr'><strong>reges,</strong></span> <span class='ocrx_word' id='word_1_166' title='bbox 2155 3049 2216 3108; x_wconf 88' lang='lat' dir='ltr'><strong>et</strong></span> <span class='ocrx_word' id='word_1_167' title='bbox 2244 3041 2541 3131; x_wconf 88' lang='lat' dir='ltr'><strong>principes</strong></span> <span class='ocrx_word' id='word_1_168' title='bbox 2568 3065 2605 3106; x_wconf 90' lang='lat' dir='ltr'><strong>a</strong></span> <span class='ocrx_word' id='word_1_169' title='bbox 2632 3044 2727 3109; x_wconf 88' lang='lat' dir='ltr'><strong>sui</strong></span> 
     </span>
     <span class='ocr_line' id='line_1_19' title="bbox 327 3128 2727 3318; baseline -0.003 -28"><span class='ocrx_word' id='word_1_170' title='bbox 327 3153 517 3291; x_wconf 63' lang='lat'><strong>‘5533</strong></span> <span class='ocrx_word' id='word_1_171' title='bbox 542 3128 1116 3282; x_wconf 59' lang='grc' dir='ltr'><strong>αἷῗὲοῗὲἵᾞὶιῑὲῗ</strong></span> <span class='ocrx_word' id='word_1_172' title='bbox 1142 3151 1424 3318; x_wconf 56' lang='lat' dir='ltr'><strong>ffiz‘ssss,</strong></span> <span class='ocrx_word' id='word_1_173' title='bbox 1462 3130 2487 3318; x_wconf 52' lang='grc' dir='ltr'><strong>ἷῖῗέἓῖῗὲἲὲῗέἰῗῖἇὲιέἕῗ</strong></span> <span class='ocrx_word' id='word_1_174' title='bbox 2527 3137 2727 3317; x_wconf 46' lang='grc' dir='ltr'><strong>Ἓξ</strong></span> 
     </span>
     <span class='ocr_line' id='line_1_20' title="bbox 332 3303 2724 3392; baseline -0 -21"><span class='ocrx_word' id='word_1_175' title='bbox 332 3311 478 3371; x_wconf 90' lang='lat' dir='ltr'><strong>sunt</strong></span> <span class='ocrx_word' id='word_1_176' title='bbox 506 3303 774 3390; x_wconf 84' lang='lat' dir='ltr'><strong>exempla</strong></span> <span class='ocrx_word' id='word_1_177' title='bbox 799 3303 1135 3390; x_wconf 87' lang='lat' dir='ltr'><strong>repetenda.</strong></span> <span class='ocrx_word' id='word_1_178' title='bbox 1218 3303 1524 3391; x_wconf 87' lang='lat' dir='ltr'><strong>Pnncip1o</strong></span> <span class='ocrx_word' id='word_1_179' title='bbox 1595 3306 1794 3371; x_wconf 85' lang='lat' dir='ltr'><strong>uidem</strong></span> <span class='ocrx_word' id='word_1_180' title='bbox 1823 3328 2012 3392; x_wconf 85' lang='lat' dir='ltr'><strong>reges,</strong></span> <span class='ocrx_word' id='word_1_181' title='bbox 2044 3310 2106 3371; x_wconf 90' lang='lat' dir='ltr'><strong>et</strong></span> <span class='ocrx_word' id='word_1_182' title='bbox 2146 3305 2411 3390; x_wconf 88' lang='lat' dir='ltr'><strong>insignes</strong></span> <span class='ocrx_word' id='word_1_183' title='bbox 2452 3303 2724 3370; x_wconf 88' lang='lat' dir='ltr'><strong>hommes</strong></span> 
     </span>
     <span class='ocr_line' id='line_1_21' title="bbox 331 3325 2725 3478; baseline 0 -21"><span class='ocrx_word' id='word_1_184' title='bbox 331 3392 440 3478; x_wconf 90' lang='lat' dir='ltr'><strong>qui</strong></span> <span class='ocrx_word' id='word_1_185' title='bbox 465 3389 752 3478; x_wconf 89' lang='lat' dir='ltr'><strong>oppidum</strong></span> <span class='ocrx_word' id='word_1_186' title='bbox 800 3389 1026 3456; x_wconf 82' lang='lat' dir='ltr'><strong>clarum</strong></span> <span class='ocrx_word' id='word_1_187' title='bbox 1070 3390 1482 3472; x_wconf 89' lang='lat' dir='ltr'><strong>condiderunt,</strong></span> <span class='ocrx_word' id='word_1_188' title='bbox 1511 3325 1608 3458; x_wconf 50' lang='lat' dir='ltr'><strong>vc}</strong></span> <span class='ocrx_word' id='word_1_189' title='bbox 1657 3394 1752 3458; x_wconf 92' lang='lat' dir='ltr'><strong>sui</strong></span> <span class='ocrx_word' id='word_1_190' title='bbox 1797 3392 2059 3458; x_wconf 89' lang='lat' dir='ltr'><strong>nominis</strong></span> <span class='ocrx_word' id='word_1_191' title='bbox 2106 3395 2563 3457; x_wconf 88' lang='lat' dir='ltr'><strong>monumentum</strong></span> <span class='ocrx_word' id='word_1_192' title='bbox 2590 3391 2725 3457; x_wconf 86' lang='lat' dir='ltr'><strong>reli-</strong></span> 
     </span>
     <span class='ocr_line' id='line_1_22' title="bbox 329 3477 2723 3566; baseline -0.001 -23"><span class='ocrx_word' id='word_1_193' title='bbox 329 3477 588 3565; x_wconf 88' lang='lat' dir='ltr'><strong>querint,</strong></span> <span class='ocrx_word' id='word_1_194' title='bbox 619 3477 956 3543; x_wconf 87' lang='lat' dir='ltr'><strong>nominatos</strong></span> <span class='ocrx_word' id='word_1_195' title='bbox 984 3477 1167 3542; x_wconf 84' lang='lat' dir='ltr'><strong>fuisse</strong></span> <span class='ocrx_word' id='word_1_196' title='bbox 1198 3477 1507 3560; x_wconf 74' lang='lat' dir='ltr'><strong>Saturnoe,</strong></span> <span class='ocrx_word' id='word_1_197' title='bbox 1538 3479 1881 3566; x_wconf 87' lang='lat' dir='ltr'><strong>Xenophon</strong></span> <span class='ocrx_word' id='word_1_198' title='bbox 1925 3480 1992 3545; x_wconf 90' lang='lat' dir='ltr'><strong>in</strong></span> <span class='ocrx_word' id='word_1_199' title='bbox 2040 3499 2099 3544; x_wconf 68' lang='grc' dir='ltr'>ω</span> <span class='ocrx_word' id='word_1_200' title='bbox 2139 3478 2367 3544; x_wconf 84' lang='lat' dir='ltr'><strong>uivoeis</strong></span> <span class='ocrx_word' id='word_1_201' title='bbox 2417 3477 2723 3542; x_wconf 81' lang='lat' dir='ltr'><strong>memoriae</strong></span> 
     </span>
     <span class='ocr_line' id='line_1_23' title="bbox 328 3562 2726 3654; baseline -0.002 -23"><span class='ocrx_word' id='word_1_202' title='bbox 328 3565 613 3653; x_wconf 86' lang='lat' dir='ltr'><strong>prodidit.</strong></span> <span class='ocrx_word' id='word_1_203' title='bbox 700 3564 802 3630; x_wconf 87' lang='lat' dir='ltr'><strong>Ita</strong></span> <span class='ocrx_word' id='word_1_204' title='bbox 827 3564 1054 3629; x_wconf 88' lang='lat' dir='ltr'><strong>Beroso</strong></span> <span class='ocrx_word' id='word_1_205' title='bbox 1081 3562 1213 3630; x_wconf 88' lang='lat' dir='ltr'><strong>Bab</strong></span> <span class='ocrx_word' id='word_1_206' title='bbox 1248 3565 1411 3633; x_wconf 92' lang='lat' dir='ltr'><strong>lonio</strong></span> <span class='ocrx_word' id='word_1_207' title='bbox 1439 3567 1636 3653; x_wconf 78' lang='lat' dir='ltr'><strong>Reges</strong></span> <span class='ocrx_word' id='word_1_208' title='bbox 1657 3566 2022 3654; x_wconf 64' lang='lat' dir='ltr'><strong>Babyloniae,</strong></span> <span class='ocrx_word' id='word_1_209' title='bbox 2052 3588 2091 3629; x_wconf 86' lang='lat' dir='ltr'><strong>v</strong></span> <span class='ocrx_word' id='word_1_210' title='bbox 2176 3565 2265 3630; x_wconf 84' lang='lat' dir='ltr'><strong>As</strong></span> <span class='ocrx_word' id='word_1_211' title='bbox 2367 3564 2442 3628; x_wconf 70' lang='grc' dir='ltr'><strong>’ω</strong></span> <span class='ocrx_word' id='word_1_212' title='bbox 2482 3563 2726 3628; x_wconf 85' lang='lat' dir='ltr'><strong>Saturni</strong></span> 
     </span>
     <span class='ocr_line' id='line_1_24' title="bbox 328 3588 2727 3740; baseline -0.001 -22"><span class='ocrx_word' id='word_1_213' title='bbox 328 3652 572 3719; x_wconf 88' lang='lat' dir='ltr'><strong>nomine</strong></span> <span class='ocrx_word' id='word_1_214' title='bbox 599 3648 960 3738; x_wconf 86' lang='lat' dir='ltr'><strong>gaudebant,</strong></span> <span class='ocrx_word' id='word_1_215' title='bbox 989 3673 1026 3716; x_wconf 93' lang='lat' dir='ltr'><strong>a</strong></span> <span class='ocrx_word' id='word_1_216' title='bbox 1052 3588 1448 3733; x_wconf 59' lang='lat' dir='ltr'><strong>Nembrothm</strong></span> <span class='ocrx_word' id='word_1_217' title='bbox 1481 3654 1585 3739; x_wconf 91' lang='lat' dir='ltr'><strong>qui</strong></span> <span class='ocrx_word' id='word_1_218' title='bbox 1627 3653 1857 3740; x_wconf 87' lang='lat' dir='ltr'><strong>primus</strong></span> <span class='ocrx_word' id='word_1_219' title='bbox 1904 3651 2036 3717; x_wconf 88' lang='lat' dir='ltr'><strong>Bab</strong></span> <span class='ocrx_word' id='word_1_220' title='bbox 2072 3651 2259 3716; x_wconf 81' lang='lat' dir='ltr'><strong>loniae</strong></span> <span class='ocrx_word' id='word_1_221' title='bbox 2332 3657 2581 3714; x_wconf 86' lang='lat' dir='ltr'><strong>sturnus</strong></span> <span class='ocrx_word' id='word_1_222' title='bbox 2630 3649 2727 3716; x_wconf 85' lang='lat' dir='ltr'><strong>vel</strong></span> 
     </span>
     <span class='ocr_line' id='line_1_25' title="bbox 329 3735 2727 3825; baseline -0.003 -18"><span class='ocrx_word' id='word_1_223' title='bbox 329 3761 438 3808; x_wconf 85' lang='lat' dir='ltr'><strong>rex</strong></span> <span class='ocrx_word' id='word_1_224' title='bbox 478 3761 514 3804; x_wconf 89' lang='lat' dir='ltr'><strong>a</strong></span> <span class='ocrx_word' id='word_1_225' title='bbox 540 3736 682 3804; x_wconf 86' lang='lat' dir='ltr'><strong>Noa</strong></span> <span class='ocrx_word' id='word_1_226' title='bbox 706 3737 1027 3825; x_wconf 80' lang='lat' dir='ltr'><strong>praefectus</strong></span> <span class='ocrx_word' id='word_1_227' title='bbox 1075 3741 1366 3825; x_wconf 82' lang='lat' dir='ltr'><strong>regnavit.</strong></span> <span class='ocrx_word' id='word_1_228' title='bbox 1448 3740 1514 3805; x_wconf 92' lang='lat' dir='ltr'><strong>Is</strong></span> <span class='ocrx_word' id='word_1_229' title='bbox 1560 3739 1700 3804; x_wconf 75' lang='lat' dir='ltr'><strong>verb</strong></span> <span class='ocrx_word' id='word_1_230' title='bbox 1741 3737 2014 3804; x_wconf 87' lang='lat' dir='ltr'><strong>Nembro</strong></span> <span class='ocrx_word' id='word_1_231' title='bbox 2082 3759 2157 3802; x_wconf 90' lang='lat' dir='ltr'><strong>us</strong></span> <span class='ocrx_word' id='word_1_232' title='bbox 2182 3736 2371 3822; x_wconf 87' lang='lat' dir='ltr'><strong>ipsius</strong></span> <span class='ocrx_word' id='word_1_233' title='bbox 2398 3735 2562 3800; x_wconf 81' lang='lat' dir='ltr'><strong>Noae</strong></span> <span class='ocrx_word' id='word_1_234' title='bbox 2630 3757 2727 3800; x_wconf 90' lang='lat' dir='ltr'><strong>ro-</strong></span> 
     </span>
     <span class='ocr_line' id='line_1_26' title="bbox 329 3821 2727 3910; baseline -0.004 -15"><span class='ocrx_word' id='word_1_235' title='bbox 329 3851 410 3895; x_wconf 91' lang='lat' dir='ltr'><strong>ne</strong></span> <span class='ocrx_word' id='word_1_236' title='bbox 517 3875 539 3906; x_wconf 92' lang='lat'><strong>,</strong></span> <span class='ocrx_word' id='word_1_237' title='bbox 568 3824 738 3891; x_wconf 85' lang='lat' dir='ltr'><strong>Oami</strong></span> <span class='ocrx_word' id='word_1_238' title='bbox 764 3846 970 3910; x_wconf 88' lang='lat' dir='ltr'><strong>nepos,</strong></span> <span class='ocrx_word' id='word_1_239' title='bbox 1000 3822 1188 3888; x_wconf 82' lang='lat' dir='ltr'><strong>chusi</strong></span> <span class='ocrx_word' id='word_1_240' title='bbox 1207 3825 1364 3892; x_wconf 86' lang='lat' dir='ltr'><strong>filius</strong></span> <span class='ocrx_word' id='word_1_241' title='bbox 1397 3821 1500 3904; x_wconf 89' lang='lat' dir='ltr'><strong>(ut</strong></span> <span class='ocrx_word' id='word_1_242' title='bbox 1527 3848 1602 3891; x_wconf 84' lang='lat' dir='ltr'><strong>ex</strong></span> <span class='ocrx_word' id='word_1_243' title='bbox 1628 3825 1884 3891; x_wconf 89' lang='lat' dir='ltr'><strong>Philone</strong></span> <span class='ocrx_word' id='word_1_244' title='bbox 1914 3824 1955 3888; x_wconf 91' lang='lat' dir='ltr'><strong>J</strong></span> <span class='ocrx_word' id='word_1_245' title='bbox 1960 3824 2129 3889; x_wconf 82' lang='lat' dir='ltr'><strong>udaeo</strong></span> <span class='ocrx_word' id='word_1_246' title='bbox 2174 3823 2241 3888; x_wconf 90' lang='lat' dir='ltr'><strong>in</strong></span> <span class='ocrx_word' id='word_1_247' title='bbox 2268 3822 2611 3906; x_wconf 88' lang='lat' dir='ltr'><strong>antiquitati</strong></span> <span class='ocrx_word' id='word_1_248' title='bbox 2652 3843 2727 3887; x_wconf 91' lang='lat' dir='ltr'><strong>us</strong></span> 
     </span>
     <span class='ocr_line' id='line_1_27' title="bbox 329 3908 2726 4064; baseline -0.003 -82"><span class='ocrx_word' id='word_1_249' title='bbox 329 3917 410 3984; x_wconf 91' lang='lat' dir='ltr'><strong>Bi</strong></span> <span class='ocrx_word' id='word_1_250' title='bbox 435 3911 616 4064; x_wconf 51' lang='lat' dir='ltr'><strong>limi?</strong></span> <span class='ocrx_word' id='word_1_251' title='bbox 644 3911 848 3997; x_wconf 88' lang='lat' dir='ltr'><strong>colligi</strong></span> <span class='ocrx_word' id='word_1_252' title='bbox 887 3910 1146 3995; x_wconf 85' lang='lat' dir='ltr'><strong>videtur)</strong></span> <span class='ocrx_word' id='word_1_253' title='bbox 1181 3919 1244 3978; x_wconf 86' lang='lat' dir='ltr'><strong>et</strong></span> <span class='ocrx_word' id='word_1_254' title='bbox 1291 3912 1534 3979; x_wconf 88' lang='lat' dir='ltr'><strong>Babelis</strong></span> <span class='ocrx_word' id='word_1_255' title='bbox 1577 3913 1762 3976; x_wconf 88' lang='lat' dir='ltr'><strong>turris</strong></span> <span class='ocrx_word' id='word_1_256' title='bbox 1789 3908 2136 3992; x_wconf 66' lang='lat' dir='ltr'><strong>condendae,</strong></span> <span class='ocrx_word' id='word_1_257' title='bbox 2167 3909 2464 3974; x_wconf 82' lang='lat' dir='ltr'><strong>notissimi</strong></span> <span class='ocrx_word' id='word_1_258' title='bbox 2505 3909 2726 3976; x_wconf 84' lang='lat' dir='ltr'><strong>furoris</strong></span> 
     </span>
     <span class='ocr_line' id='line_1_28' title="bbox 407 3999 711 4065; baseline 0 -1"><span class='ocrx_word' id='word_1_259' title='bbox 407 4005 438 4064; x_wconf 93' lang='lat' dir='ltr'><strong>t</strong></span> <span class='ocrx_word' id='word_1_260' title='bbox 480 4021 548 4065; x_wconf 91' lang='lat' dir='ltr'><strong>or</strong></span> <span class='ocrx_word' id='word_1_261' title='bbox 603 3999 711 4064; x_wconf 88' lang='lat' dir='ltr'><strong>uit.</strong></span> 
     </span>
     <span class='ocr_line' id='line_1_29' title="bbox 329 4027 2728 4173; baseline -0.002 -21"><span class='ocrx_word' id='word_1_262' title='bbox 329 4027 664 4172; x_wconf 68' lang='lat' dir='ltr'><strong>¹²¹¹AEgypti</strong></span> <span class='ocrx_word' id='word_1_263' title='bbox 734 4105 971 4172; x_wconf 89' lang='lat' dir='ltr'><strong>quoque</strong></span> <span class='ocrx_word' id='word_1_264' title='bbox 1041 4105 1210 4170; x_wconf 81' lang='lat' dir='ltr'><strong>reges</strong></span> <span class='ocrx_word' id='word_1_265' title='bbox 1280 4081 1616 4150; x_wconf 87' lang='lat' dir='ltr'><strong>Pharaones</strong></span> <span class='ocrx_word' id='word_1_266' title='bbox 1687 4109 1796 4173; x_wconf 89' lang='lat' dir='ltr'><strong>pro</strong></span> <span class='ocrx_word' id='word_1_267' title='bbox 1870 4083 2161 4171; x_wconf 87' lang='lat' dir='ltr'><strong>dignitate</strong></span> <span class='ocrx_word' id='word_1_268' title='bbox 2231 4081 2599 4163; x_wconf 84' lang='lat' dir='ltr'><strong>dicebantur,</strong></span> <span class='ocrx_word' id='word_1_269' title='bbox 2674 4083 2728 4148; x_wconf 88' lang='lat' dir='ltr'><strong>si</strong></span> 
     </span>
     <span class='ocr_line' id='line_1_30' title="bbox 331 4169 2725 4256; baseline -0.002 -17"><span class='ocrx_word' id='word_1_270' title='bbox 331 4173 718 4239; x_wconf 70' lang='lat' dir='ltr'><strong>Mmoethom</strong></span> <span class='ocrx_word' id='word_1_271' title='bbox 758 4171 840 4236; x_wconf 84' lang='lat' dir='ltr'>AE</span> <span class='ocrx_word' id='word_1_272' title='bbox 963 4169 1050 4236; x_wconf 86' lang='lat' dir='ltr'><strong>tio</strong></span> <span class='ocrx_word' id='word_1_273' title='bbox 1081 4169 1384 4236; x_wconf 86' lang='lat' dir='ltr'><strong>Sacerdoti</strong></span> <span class='ocrx_word' id='word_1_274' title='bbox 1423 4172 1526 4256; x_wconf 88' lang='lat' dir='ltr'><strong>qui</strong></span> <span class='ocrx_word' id='word_1_275' title='bbox 1554 4195 1760 4239; x_wconf 90' lang='lat' dir='ltr'><strong>eorum</strong></span> <span class='ocrx_word' id='word_1_276' title='bbox 1808 4170 2153 4238; x_wconf 85' lang='lat' dir='ltr'><strong>memoriam</strong></span> <span class='ocrx_word' id='word_1_277' title='bbox 2198 4170 2413 4235; x_wconf 88' lang='lat' dir='ltr'><strong>litteris</strong></span> <span class='ocrx_word' id='word_1_278' title='bbox 2454 4169 2725 4248; x_wconf 83' lang='lat' dir='ltr'><strong>sacravit,</strong></span> 
     </span>
     <span class='ocr_line' id='line_1_31' title="bbox 331 4193 2725 4348; baseline -0.002 -22"><span class='ocrx_word' id='word_1_279' title='bbox 331 4267 426 4326; x_wconf 81' lang='lat' dir='ltr'><strong>est</strong></span> <span class='ocrx_word' id='word_1_280' title='bbox 452 4261 600 4326; x_wconf 66' lang='lat' dir='ltr'><strong>fidas</strong></span> <span class='ocrx_word' id='word_1_281' title='bbox 642 4193 964 4338; x_wconf 53' lang='lat' dir='ltr'><strong>habeuffl‚p</strong></span> <span class='ocrx_word' id='word_1_282' title='bbox 961 4258 1193 4323; x_wconf 85' lang='lat' dir='ltr'><strong>Pharao</strong></span> <span class='ocrx_word' id='word_1_283' title='bbox 1242 4257 1470 4342; x_wconf 88' lang='lat' dir='ltr'><strong>primus</strong></span> <span class='ocrx_word' id='word_1_284' title='bbox 1517 4259 1841 4348; x_wconf 75' lang='lat' dir='ltr'><strong>AEgyptns,</strong></span> <span class='ocrx_word' id='word_1_285' title='bbox 1890 4257 2187 4325; x_wconf 86' lang='lat' dir='ltr'><strong>secundus</strong></span> <span class='ocrx_word' id='word_1_286' title='bbox 2236 4255 2546 4341; x_wconf 89' lang='lat' dir='ltr'><strong>Merophis</strong></span> <span class='ocrx_word' id='word_1_287' title='bbox 2588 4256 2725 4322; x_wconf 86' lang='lat' dir='ltr'><strong>fuit.</strong></span> 
     </span>
     <span class='ocr_line' id='line_1_32' title="bbox 333 4340 2725 4430; baseline -0.002 -17"><span class='ocrx_word' id='word_1_288' title='bbox 333 4345 509 4419; x_wconf 80' lang='lat' dir='ltr'><strong>Quos</strong></span> <span class='ocrx_word' id='word_1_289' title='bbox 536 4353 810 4413; x_wconf 88' lang='lat' dir='ltr'><strong>secutum</strong></span> <span class='ocrx_word' id='word_1_290' title='bbox 837 4353 930 4411; x_wconf 82' lang='lat' dir='ltr'><strong>est</strong></span> <span class='ocrx_word' id='word_1_291' title='bbox 956 4345 1118 4411; x_wconf 87' lang='lat' dir='ltr'><strong>aliud</strong></span> <span class='ocrx_word' id='word_1_292' title='bbox 1153 4365 1364 4430; x_wconf 87' lang='lat' dir='ltr'><strong>regum</strong></span> <span class='ocrx_word' id='word_1_293' title='bbox 1392 4367 1584 4430; x_wconf 83' lang='lat' dir='ltr'><strong>genus</strong></span> <span class='ocrx_word' id='word_1_294' title='bbox 1612 4357 1674 4414; x_wconf 82' lang='lat' dir='ltr'><strong>et</strong></span> <span class='ocrx_word' id='word_1_295' title='bbox 1698 4370 1941 4426; x_wconf 89' lang='lat' dir='ltr'><strong>nomen,</strong></span> <span class='ocrx_word' id='word_1_296' title='bbox 1973 4345 2077 4430; x_wconf 91' lang='lat' dir='ltr'><strong>qui</strong></span> <span class='ocrx_word' id='word_1_297' title='bbox 2104 4344 2315 4408; x_wconf 87' lang='lat' dir='ltr'><strong>Lartes</strong></span> <span class='ocrx_word' id='word_1_298' title='bbox 2342 4340 2725 4423; x_wconf 84' lang='lat' dir='ltr'><strong>vocabantur,</strong></span> 
     </span>
     <span class='ocr_line' id='line_1_33' title="bbox 333 4429 2725 4534; baseline -0.003 -34"><span class='ocrx_word' id='word_1_299' title='bbox 333 4434 514 4500; x_wconf 87' lang='lat' dir='ltr'><strong>Zetus</strong></span> <span class='ocrx_word' id='word_1_300' title='bbox 540 4433 788 4534; x_wconf 79' lang='lat' dir='ltr'><strong>primus,</strong></span> <span class='ocrx_word' id='word_1_301' title='bbox 821 4433 1048 4498; x_wconf 84' lang='lat' dir='ltr'><strong>Benses</strong></span> <span class='ocrx_word' id='word_1_302' title='bbox 1075 4431 1390 4510; x_wconf 86' lang='lat' dir='ltr'><strong>secundus,</strong></span> <span class='ocrx_word' id='word_1_303' title='bbox 1419 4433 1789 4520; x_wconf 88' lang='lat' dir='ltr'><strong>Amenophis</strong></span> <span class='ocrx_word' id='word_1_304' title='bbox 1816 4433 2049 4510; x_wconf 87' lang='lat' dir='ltr'><strong>tertius,</strong></span> <span class='ocrx_word' id='word_1_305' title='bbox 2080 4429 2451 4516; x_wconf 84' lang='lat' dir='ltr'><strong>Amenophis</strong></span> <span class='ocrx_word' id='word_1_306' title='bbox 2480 4436 2725 4514; x_wconf 86' lang='lat' dir='ltr'><strong>quartus</strong></span> 
     </span>
     <span class='ocr_line' id='line_1_34' title="bbox 335 4520 2728 4781; baseline -0.002 -21"><span class='ocrx_word' id='word_1_307' title='bbox 335 4520 2728 4781; x_wconf 42' lang='lat' dir='ltr'><strong>..affiffifflffffimsmfflfflfflm</strong></span> 
     </span>
     <span class='ocr_line' id='line_1_35' title="bbox 337 4777 2727 4864; baseline -0.001 -18"><span class='ocrx_word' id='word_1_308' title='bbox 337 4789 448 4862; x_wconf 78' lang='lat' dir='ltr'><strong>est,</strong></span> <span class='ocrx_word' id='word_1_309' title='bbox 479 4781 800 4849; x_wconf 82' lang='lat' dir='ltr'><strong>derivatur.</strong></span> <span class='ocrx_word' id='word_1_310' title='bbox 891 4777 1056 4852; x_wconf 82' lang='lat' dir='ltr'><strong>Quid</strong></span> <span class='ocrx_word' id='word_1_311' title='bbox 1105 4801 1428 4846; x_wconf 87' lang='lat' dir='ltr'><strong>memorem</strong></span> <span class='ocrx_word' id='word_1_312' title='bbox 1473 4801 1595 4845; x_wconf 89' lang='lat' dir='ltr'><strong>rem</strong></span> <span class='ocrx_word' id='word_1_313' title='bbox 1651 4777 1831 4864; x_wconf 86' lang='lat' dir='ltr'><strong>lippis</strong></span> <span class='ocrx_word' id='word_1_314' title='bbox 1860 4785 1922 4844; x_wconf 83' lang='lat' dir='ltr'><strong>et</strong></span> <span class='ocrx_word' id='word_1_315' title='bbox 1963 4777 2303 4846; x_wconf 86' lang='lat' dir='ltr'><strong>tonsoribus</strong></span> <span class='ocrx_word' id='word_1_316' title='bbox 2350 4783 2573 4856; x_wconf 82' lang='lat' dir='ltr'><strong>notam,</strong></span> <span class='ocrx_word' id='word_1_317' title='bbox 2604 4777 2727 4843; x_wconf 86' lang='lat' dir='ltr'><strong>Ro-</strong></span> 
     </span>
    </p>
   </div>
  </div>
 </body>
</html>
