<?xml version="1.0" encoding="UTF-8"?>
<!DOCTYPE html PUBLIC "-//W3C//DTD XHTML 1.0 Transitional//EN"
    "http://www.w3.org/TR/xhtml1/DTD/xhtml1-transitional.dtd">
<html xmlns="http://www.w3.org/1999/xhtml" xml:lang="en" lang="en">
 <head>
  <title>
</title>
<meta http-equiv="Content-Type" content="text/html;charset=utf-8" />
  <meta name='ocr-system' content='tesseract 3.04.00' />
  <meta name='ocr-capabilities' content='ocr_page ocr_carea ocr_par ocr_line ocrx_word'/>
</head>
<body>
  <div class='ocr_page' id='page_1' title='image "./historicatholic00kellgoog_0159.png"; bbox 0 0 3634 5842; ppageno 0'>
   <div class='ocr_carea' id='block_1_1' title="bbox 380 718 2771 807">
    <p class='ocr_par' dir='ltr' id='par_1_1' title="bbox 380 718 2771 807">
     <span class='ocr_line' id='line_1_1' title="bbox 380 718 2771 807; baseline -0.003 -20"><span class='ocrx_word' id='word_1_1' title='bbox 380 742 515 787; x_wconf 65' lang='lat' dir='ltr'><strong>car.</strong></span> <span class='ocrx_word' id='word_1_2' title='bbox 563 722 728 807; x_wconf 70' lang='lat' dir='ltr'><strong>xm]</strong></span> <span class='ocrx_word' id='word_1_3' title='bbox 1068 743 1354 789; x_wconf 62' lang='lat' dir='ltr'><strong>launum</strong></span> <span class='ocrx_word' id='word_1_4' title='bbox 1397 742 1514 787; x_wconf 80' lang='lat' dir='ltr'><strong>sus</strong></span> <span class='ocrx_word' id='word_1_5' title='bbox 1559 740 1973 787; x_wconf 67' lang='lat' dir='ltr'><strong>nnizanrrrHA.</strong></span> <span class='ocrx_word' id='word_1_6' title='bbox 2646 718 2771 781; x_wconf 79' lang='lat'><strong>123</strong></span> 
     </span>
    </p>
   </div>
   <div class='ocr_carea' id='block_1_2' title="bbox 378 890 2971 2974">
    <p class='ocr_par' dir='ltr' id='par_1_2' title="bbox 378 890 2971 2974">
     <span class='ocr_line' id='line_1_2' title="bbox 380 890 2765 983; baseline -0.004 -22"><span class='ocrx_word' id='word_1_7' title='bbox 380 895 653 977; x_wconf 73' lang='lat' dir='ltr'><strong>assecuti,</strong></span> <span class='ocrx_word' id='word_1_8' title='bbox 708 894 944 983; x_wconf 83' lang='lat' dir='ltr'><strong>ipsique</strong></span> <span class='ocrx_word' id='word_1_9' title='bbox 971 895 1180 962; x_wconf 88' lang='lat' dir='ltr'><strong>Iberni</strong></span> <span class='ocrx_word' id='word_1_10' title='bbox 1209 898 1392 963; x_wconf 82' lang='lat' dir='ltr'><strong>cosin</strong></span> <span class='ocrx_word' id='word_1_11' title='bbox 1419 917 1584 961; x_wconf 86' lang='lat' dir='ltr'><strong>suam</strong></span> <span class='ocrx_word' id='word_1_12' title='bbox 1622 894 1944 980; x_wconf 86' lang='lat' dir='ltr'><strong>perniciem</strong></span> <span class='ocrx_word' id='word_1_13' title='bbox 1973 890 2325 978; x_wconf 79' lang='lat' dir='ltr'><strong>adjuverint,</strong></span> <span class='ocrx_word' id='word_1_14' title='bbox 2357 890 2458 957; x_wconf 82' lang='lat' dir='ltr'><strong>alii</strong></span> <span class='ocrx_word' id='word_1_15' title='bbox 2487 890 2636 955; x_wconf 85' lang='lat' dir='ltr'><strong>alios</strong></span> <span class='ocrx_word' id='word_1_16' title='bbox 2657 910 2765 953; x_wconf 91' lang='grc'>110-</span> 
     </span>
     <span class='ocr_line' id='line_1_3' title="bbox 378 976 2771 1065; baseline -0.003 -18"><span class='ocrx_word' id='word_1_17' title='bbox 378 980 587 1047; x_wconf 89' lang='lat' dir='ltr'><strong>cendo.</strong></span> <span class='ocrx_word' id='word_1_18' title='bbox 678 982 797 1047; x_wconf 84' lang='lat' dir='ltr'><strong>Sed</strong></span> <span class='ocrx_word' id='word_1_19' title='bbox 853 982 1050 1049; x_wconf 85' lang='lat' dir='ltr'><strong>adhuc</strong></span> <span class='ocrx_word' id='word_1_20' title='bbox 1099 983 1313 1050; x_wconf 87' lang='lat' dir='ltr'><strong>clarius</strong></span> <span class='ocrx_word' id='word_1_21' title='bbox 1371 981 1668 1049; x_wconf 78' lang='lat' dir='ltr'><strong>constabit</strong></span> <span class='ocrx_word' id='word_1_22' title='bbox 1695 1004 1819 1046; x_wconf 90' lang='lat' dir='ltr'><strong>uno</strong></span> <span class='ocrx_word' id='word_1_23' title='bbox 1860 978 2128 1065; x_wconf 83' lang='lat' dir='ltr'><strong>exemplo</strong></span> <span class='ocrx_word' id='word_1_24' title='bbox 2188 976 2349 1064; x_wconf 90' lang='lat' dir='ltr'><strong>quod</strong></span> <span class='ocrx_word' id='word_1_25' title='bbox 2394 976 2771 1063; x_wconf 79' lang='lat' dir='ltr'><strong>subjecturus</strong></span> 
     </span>
     <span class='ocr_line' id='line_1_4' title="bbox 381 1062 2971 1155; baseline -0.002 -23"><span class='ocrx_word' id='word_1_26' title='bbox 381 1088 528 1133; x_wconf 87' lang='lat' dir='ltr'><strong>sum.</strong></span> <span class='ocrx_word' id='word_1_27' title='bbox 543 1070 571 1151; x_wconf 84' lang='grc' dir='ltr'><strong>ΙΙ</strong></span> <span class='ocrx_word' id='word_1_28' title='bbox 664 1068 910 1155; x_wconf 87' lang='lat' dir='ltr'><strong>Ulligus</strong></span> <span class='ocrx_word' id='word_1_29' title='bbox 959 1078 1019 1136; x_wconf 85' lang='lat' dir='ltr'><strong>et</strong></span> <span class='ocrx_word' id='word_1_30' title='bbox 1049 1070 1091 1135; x_wconf 87' lang='lat' dir='ltr'><strong>J</strong></span> <span class='ocrx_word' id='word_1_31' title='bbox 1093 1071 1354 1137; x_wconf 85' lang='lat' dir='ltr'><strong>ohannes</strong></span> <span class='ocrx_word' id='word_1_32' title='bbox 1402 1069 1598 1135; x_wconf 86' lang='lat' dir='ltr'><strong>Burki</strong></span> <span class='ocrx_word' id='word_1_33' title='bbox 1625 1068 1863 1133; x_wconf 90' lang='lat' dir='ltr'><strong>comitis</strong></span> <span class='ocrx_word' id='word_1_34' title='bbox 1898 1064 2333 1132; x_wconf 81' lang='lat' dir='ltr'><strong>Clanrickardoe</strong></span> <span class='ocrx_word' id='word_1_35' title='bbox 2382 1064 2492 1129; x_wconf 89' lang='lat' dir='ltr'><strong>filii</strong></span> <span class='ocrx_word' id='word_1_36' title='bbox 2520 1062 2766 1128; x_wconf 86' lang='lat' dir='ltr'><strong>diversis</strong></span> <span class='ocrx_word' id='word_1_37' title='bbox 2789 1072 2971 1141; x_wconf 87' lang='lat'><strong>[100.]</strong></span> 
     </span>
     <span class='ocr_line' id='line_1_5' title="bbox 381 1149 2769 1244; baseline -0.002 -25"><span class='ocrx_word' id='word_1_38' title='bbox 381 1154 670 1221; x_wconf 86' lang='lat' dir='ltr'><strong>matribus</strong></span> <span class='ocrx_word' id='word_1_39' title='bbox 700 1156 864 1235; x_wconf 84' lang='lat' dir='ltr'><strong>editi,</strong></span> <span class='ocrx_word' id='word_1_40' title='bbox 891 1156 964 1222; x_wconf 89' lang='lat' dir='ltr'><strong>de</strong></span> <span class='ocrx_word' id='word_1_41' title='bbox 1008 1159 1194 1244; x_wconf 86' lang='lat' dir='ltr'><strong>patris</strong></span> <span class='ocrx_word' id='word_1_42' title='bbox 1225 1156 1491 1223; x_wconf 81' lang='lat' dir='ltr'><strong>defuncti</strong></span> <span class='ocrx_word' id='word_1_43' title='bbox 1518 1155 1865 1221; x_wconf 79' lang='lat' dir='ltr'><strong>haereditate</strong></span> <span class='ocrx_word' id='word_1_44' title='bbox 1890 1152 2229 1239; x_wconf 76' lang='lat' dir='ltr'><strong>litigabant.</strong></span> <span class='ocrx_word' id='word_1_45' title='bbox 2320 1150 2518 1223; x_wconf 84' lang='lat' dir='ltr'><strong>Quam</strong></span> <span class='ocrx_word' id='word_1_46' title='bbox 2549 1149 2769 1216; x_wconf 86' lang='lat' dir='ltr'><strong>occasi·</strong></span> 
     </span>
     <span class='ocr_line' id='line_1_6' title="bbox 381 1238 2772 1331; baseline -0.003 -25"><span class='ocrx_word' id='word_1_47' title='bbox 381 1264 560 1307; x_wconf 89' lang='lat' dir='ltr'><strong>onem</strong></span> <span class='ocrx_word' id='word_1_48' title='bbox 617 1242 806 1329; x_wconf 84' lang='lat' dir='ltr'><strong>Angli</strong></span> <span class='ocrx_word' id='word_1_49' title='bbox 853 1243 930 1309; x_wconf 88' lang='lat' dir='ltr'><strong>ad</strong></span> <span class='ocrx_word' id='word_1_50' title='bbox 959 1246 1268 1331; x_wconf 89' lang='lat' dir='ltr'><strong>utriusque</strong></span> <span class='ocrx_word' id='word_1_51' title='bbox 1294 1243 1634 1331; x_wconf 89' lang='lat' dir='ltr'><strong>perniciem,</strong></span> <span class='ocrx_word' id='word_1_52' title='bbox 1665 1248 2065 1329; x_wconf 81' lang='lat' dir='ltr'><strong>opportunam</strong></span> <span class='ocrx_word' id='word_1_53' title='bbox 2092 1240 2207 1305; x_wconf 86' lang='lat' dir='ltr'><strong>rati</strong></span> <span class='ocrx_word' id='word_1_54' title='bbox 2232 1239 2504 1303; x_wconf 90' lang='lat' dir='ltr'><strong>feruntur</strong></span> <span class='ocrx_word' id='word_1_55' title='bbox 2529 1238 2772 1321; x_wconf 89' lang='lat' dir='ltr'><strong>utrique</strong></span> 
     </span>
     <span class='ocr_line' id='line_1_7' title="bbox 382 1322 2771 1417; baseline -0.003 -24"><span class='ocrx_word' id='word_1_56' title='bbox 382 1328 695 1395; x_wconf 86' lang='lat' dir='ltr'><strong>occidendi</strong></span> <span class='ocrx_word' id='word_1_57' title='bbox 742 1330 995 1397; x_wconf 88' lang='lat' dir='ltr'><strong>alterum</strong></span> <span class='ocrx_word' id='word_1_58' title='bbox 1021 1330 1286 1417; x_wconf 68' lang='lat' dir='ltr'><strong>impune,</strong></span> <span class='ocrx_word' id='word_1_59' title='bbox 1338 1329 1683 1395; x_wconf 82' lang='lat' dir='ltr'><strong>facultatem</strong></span> <span class='ocrx_word' id='word_1_60' title='bbox 1709 1328 1921 1395; x_wconf 86' lang='lat' dir='ltr'><strong>fecisse</strong></span> <span class='ocrx_word' id='word_1_61' title='bbox 1949 1327 2169 1412; x_wconf 89' lang='lat' dir='ltr'><strong>scripto</strong></span> <span class='ocrx_word' id='word_1_62' title='bbox 2194 1326 2595 1390; x_wconf 83' lang='lat' dir='ltr'><strong>instrumento</strong></span> <span class='ocrx_word' id='word_1_63' title='bbox 2617 1322 2771 1389; x_wconf 88' lang='lat' dir='ltr'><strong>clam</strong></span> 
     </span>
     <span class='ocr_line' id='line_1_8' title="bbox 381 1410 2773 1501; baseline -0.002 -21"><span class='ocrx_word' id='word_1_64' title='bbox 381 1414 623 1481; x_wconf 89' lang='lat' dir='ltr'><strong>tradito.</strong></span> <span class='ocrx_word' id='word_1_65' title='bbox 711 1416 884 1481; x_wconf 85' lang='lat' dir='ltr'><strong>Inter</strong></span> <span class='ocrx_word' id='word_1_66' title='bbox 912 1440 1118 1484; x_wconf 85' lang='lat' dir='ltr'><strong>omnes</strong></span> <span class='ocrx_word' id='word_1_67' title='bbox 1169 1419 1449 1484; x_wconf 85' lang='lat' dir='ltr'><strong>convenit</strong></span> <span class='ocrx_word' id='word_1_68' title='bbox 1491 1416 1764 1501; x_wconf 89' lang='lat' dir='ltr'><strong>Ulligum</strong></span> <span class='ocrx_word' id='word_1_69' title='bbox 1790 1417 1858 1480; x_wconf 89' lang='lat' dir='ltr'><strong>in</strong></span> <span class='ocrx_word' id='word_1_70' title='bbox 1884 1415 2127 1480; x_wconf 86' lang='lat' dir='ltr'><strong>fratrem</strong></span> <span class='ocrx_word' id='word_1_71' title='bbox 2155 1412 2400 1476; x_wconf 88' lang='lat' dir='ltr'><strong>minime</strong></span> <span class='ocrx_word' id='word_1_72' title='bbox 2430 1412 2573 1477; x_wconf 88' lang='lat' dir='ltr'><strong>satis</strong></span> <span class='ocrx_word' id='word_1_73' title='bbox 2602 1410 2773 1495; x_wconf 89' lang='lat' dir='ltr'><strong>pium</strong></span> 
     </span>
     <span class='ocr_line' id='line_1_9' title="bbox 381 1497 2772 1601; baseline -0.003 -34"><span class='ocrx_word' id='word_1_74' title='bbox 381 1502 586 1601; x_wconf 77' lang='lat' dir='ltr'><strong>fuisse.</strong></span> <span class='ocrx_word' id='word_1_75' title='bbox 669 1501 850 1575; x_wconf 83' lang='lat' dir='ltr'><strong>Quod</strong></span> <span class='ocrx_word' id='word_1_76' title='bbox 907 1503 1216 1570; x_wconf 67' lang='lat' dir='ltr'><strong>«Iohannes</strong></span> <span class='ocrx_word' id='word_1_77' title='bbox 1257 1506 1476 1569; x_wconf 88' lang='lat' dir='ltr'><strong>timens</strong></span> <span class='ocrx_word' id='word_1_78' title='bbox 1504 1504 1643 1568; x_wconf 73' lang='lat' dir='ltr'><strong>cum</strong></span> <span class='ocrx_word' id='word_1_79' title='bbox 1669 1503 1738 1567; x_wconf 90' lang='lat' dir='ltr'><strong>in</strong></span> <span class='ocrx_word' id='word_1_80' title='bbox 1786 1500 2029 1601; x_wconf 70' lang='lat' dir='ltr'><strong>castello</strong></span> <span class='ocrx_word' id='word_1_81' title='bbox 2057 1497 2133 1565; x_wconf 86' lang='lat' dir='ltr'><strong>ab</strong></span> <span class='ocrx_word' id='word_1_82' title='bbox 2160 1499 2475 1597; x_wconf 75' lang='lat' dir='ltr'><strong>utriusque</strong></span> <span class='ocrx_word' id='word_1_83' title='bbox 2520 1518 2772 1594; x_wconf 76' lang='lat' dir='ltr'><strong>consan-</strong></span> 
     </span>
     <span class='ocr_line' id='line_1_10' title="bbox 383 1581 2775 1761; baseline -0.003 -21"><span class='ocrx_word' id='word_1_84' title='bbox 383 1610 603 1741; x_wconf 60' lang='lat' dir='ltr'><strong>ffiffi’</strong></span> <span class='ocrx_word' id='word_1_85' title='bbox 635 1593 1456 1756; x_wconf 47' lang='lat' dir='ltr'><strong>deffisszffissffiffi</strong></span> <span class='ocrx_word' id='word_1_86' title='bbox 1484 1581 2775 1761; x_wconf 46' lang='lat' dir='ltr'><strong>Qatssssssffiffiissssffssssffiffisszffffisffla</strong></span> 
     </span>
     <span class='ocr_line' id='line_1_11' title="bbox 385 1757 2773 1851; baseline -0.003 -24"><span class='ocrx_word' id='word_1_87' title='bbox 385 1762 537 1827; x_wconf 90' lang='lat' dir='ltr'><strong>nihil</strong></span> <span class='ocrx_word' id='word_1_88' title='bbox 554 1769 775 1845; x_wconf 85' lang='lat' dir='ltr'><strong>tutum,</strong></span> <span class='ocrx_word' id='word_1_89' title='bbox 793 1762 901 1829; x_wconf 90' lang='lat' dir='ltr'><strong>ubi</strong></span> <span class='ocrx_word' id='word_1_90' title='bbox 928 1766 1190 1851; x_wconf 80' lang='lat' dir='ltr'><strong>perfidiae</strong></span> <span class='ocrx_word' id='word_1_91' title='bbox 1206 1764 1373 1830; x_wconf 89' lang='lat' dir='ltr'><strong>locus</strong></span> <span class='ocrx_word' id='word_1_92' title='bbox 1395 1768 1504 1828; x_wconf 90' lang='lat' dir='ltr'><strong>est.</strong></span> <span class='ocrx_word' id='word_1_93' title='bbox 1552 1760 1792 1847; x_wconf 82' lang='lat' dir='ltr'><strong>Hospes</strong></span> <span class='ocrx_word' id='word_1_94' title='bbox 1813 1761 1993 1825; x_wconf 90' lang='lat' dir='ltr'><strong>homo</strong></span> <span class='ocrx_word' id='word_1_95' title='bbox 2099 1757 2283 1823; x_wconf 89' lang='lat' dir='ltr'><strong>rfidus</strong></span> <span class='ocrx_word' id='word_1_96' title='bbox 2313 1767 2372 1822; x_wconf 89' lang='lat' dir='ltr'><strong>et</strong></span> <span class='ocrx_word' id='word_1_97' title='bbox 2392 1757 2773 1833; x_wconf 75' lang='lat' dir='ltr'><strong>inhumanae,</strong></span> 
     </span>
     <span class='ocr_line' id='line_1_12' title="bbox 385 1842 2778 1938; baseline -0.003 -25"><span class='ocrx_word' id='word_1_98' title='bbox 385 1848 678 1915; x_wconf 86' lang='lat' dir='ltr'><strong>instructo</strong></span> <span class='ocrx_word' id='word_1_99' title='bbox 737 1852 1030 1931; x_wconf 85' lang='lat' dir='ltr'><strong>convivio,</strong></span> <span class='ocrx_word' id='word_1_100' title='bbox 1059 1850 1290 1938; x_wconf 89' lang='lat' dir='ltr'><strong>poculis</strong></span> <span class='ocrx_word' id='word_1_101' title='bbox 1339 1849 1578 1937; x_wconf 86' lang='lat' dir='ltr'><strong>paratis,</strong></span> <span class='ocrx_word' id='word_1_102' title='bbox 1621 1847 1897 1913; x_wconf 83' lang='lat' dir='ltr'><strong>custodes</strong></span> <span class='ocrx_word' id='word_1_103' title='bbox 1925 1849 2024 1912; x_wconf 91' lang='lat' dir='ltr'><strong>ine</strong></span> <span class='ocrx_word' id='word_1_104' title='bbox 2066 1846 2196 1925; x_wconf 88' lang='lat' dir='ltr'><strong>riat,</strong></span> <span class='ocrx_word' id='word_1_105' title='bbox 2220 1852 2400 1929; x_wconf 88' lang='lat' dir='ltr'><strong>atque</strong></span> <span class='ocrx_word' id='word_1_106' title='bbox 2428 1864 2658 1920; x_wconf 90' lang='lat' dir='ltr'><strong>somno,</strong></span> <span class='ocrx_word' id='word_1_107' title='bbox 2689 1842 2778 1905; x_wconf 86' lang='lat' dir='ltr'><strong>vi-</strong></span> 
     </span>
     <span class='ocr_line' id='line_1_13' title="bbox 391 1928 2779 2022; baseline -0.004 -22"><span class='ocrx_word' id='word_1_108' title='bbox 391 1957 588 2021; x_wconf 90' lang='lat' dir='ltr'><strong>noque</strong></span> <span class='ocrx_word' id='word_1_109' title='bbox 607 1936 815 2022; x_wconf 84' lang='lat' dir='ltr'><strong>sopitis</strong></span> <span class='ocrx_word' id='word_1_110' title='bbox 837 1937 1031 2003; x_wconf 86' lang='lat' dir='ltr'><strong>claves</strong></span> <span class='ocrx_word' id='word_1_111' title='bbox 1075 1936 1391 2017; x_wconf 89' lang='lat' dir='ltr'><strong>subtrahit,</strong></span> <span class='ocrx_word' id='word_1_112' title='bbox 1423 1943 1482 2001; x_wconf 84' lang='lat' dir='ltr'><strong>et</strong></span> <span class='ocrx_word' id='word_1_113' title='bbox 1511 1934 1822 2022; x_wconf 84' lang='lat' dir='ltr'><strong>patefactis</strong></span> <span class='ocrx_word' id='word_1_114' title='bbox 1852 1958 1925 1999; x_wconf 85' lang='lat' dir='ltr'><strong>ex</strong></span> <span class='ocrx_word' id='word_1_115' title='bbox 1967 1933 2297 2019; x_wconf 89' lang='lat' dir='ltr'><strong>composito</strong></span> <span class='ocrx_word' id='word_1_116' title='bbox 2326 1930 2555 1995; x_wconf 85' lang='lat' dir='ltr'><strong>foribus</strong></span> <span class='ocrx_word' id='word_1_117' title='bbox 2584 1928 2779 2013; x_wconf 79' lang='lat' dir='ltr'><strong>fflligi</strong></span> 
     </span>
     <span class='ocr_line' id='line_1_14' title="bbox 388 2016 2777 2107; baseline -0.004 -19"><span class='ocrx_word' id='word_1_118' title='bbox 388 2044 602 2106; x_wconf 82' lang='lat' dir='ltr'><strong>agmen</strong></span> <span class='ocrx_word' id='word_1_119' title='bbox 630 2030 924 2089; x_wconf 88' lang='lat' dir='ltr'><strong>armatum</strong></span> <span class='ocrx_word' id='word_1_120' title='bbox 951 2030 1140 2089; x_wconf 83' lang='lat' dir='ltr'><strong>noctu</strong></span> <span class='ocrx_word' id='word_1_121' title='bbox 1157 2024 1225 2090; x_wconf 88' lang='lat' dir='ltr'><strong>in</strong></span> <span class='ocrx_word' id='word_1_122' title='bbox 1253 2022 1562 2091; x_wconf 86' lang='lat' dir='ltr'><strong>castellum</strong></span> <span class='ocrx_word' id='word_1_123' title='bbox 1588 2022 1790 2087; x_wconf 82' lang='lat' dir='ltr'><strong>infert.</strong></span> <span class='ocrx_word' id='word_1_124' title='bbox 1879 2023 1940 2086; x_wconf 91' lang='lat' dir='ltr'><strong>A</strong></span> <span class='ocrx_word' id='word_1_125' title='bbox 1968 2042 2089 2107; x_wconf 93' lang='lat' dir='ltr'><strong>quo</strong></span> <span class='ocrx_word' id='word_1_126' title='bbox 2132 2019 2253 2085; x_wconf 92' lang='lat' dir='ltr'><strong>duo</strong></span> <span class='ocrx_word' id='word_1_127' title='bbox 2282 2018 2325 2083; x_wconf 86' lang='lat' dir='ltr'><strong>J</strong></span> <span class='ocrx_word' id='word_1_128' title='bbox 2326 2017 2579 2083; x_wconf 89' lang='lat' dir='ltr'><strong>ohannis</strong></span> <span class='ocrx_word' id='word_1_129' title='bbox 2606 2016 2777 2081; x_wconf 81' lang='lat' dir='ltr'><strong>faml-</strong></span> 
     </span>
     <span class='ocr_line' id='line_1_15' title="bbox 388 2102 2779 2197; baseline -0.003 -24"><span class='ocrx_word' id='word_1_130' title='bbox 388 2108 558 2173; x_wconf 84' lang='lat' dir='ltr'><strong>liares</strong></span> <span class='ocrx_word' id='word_1_131' title='bbox 615 2110 846 2196; x_wconf 85' lang='lat' dir='ltr'><strong>equites</strong></span> <span class='ocrx_word' id='word_1_132' title='bbox 896 2111 1209 2197; x_wconf 84' lang='lat' dir='ltr'><strong>splendidi,</strong></span> <span class='ocrx_word' id='word_1_133' title='bbox 1263 2132 1473 2177; x_wconf 85' lang='lat' dir='ltr'><strong>somno</strong></span> <span class='ocrx_word' id='word_1_134' title='bbox 1503 2110 1680 2195; x_wconf 88' lang='lat' dir='ltr'><strong>capti,</strong></span> <span class='ocrx_word' id='word_1_135' title='bbox 1712 2108 2061 2175; x_wconf 85' lang='lat' dir='ltr'><strong>circumdati</strong></span> <span class='ocrx_word' id='word_1_136' title='bbox 2088 2106 2245 2171; x_wconf 87' lang='lat' dir='ltr'><strong>ferro</strong></span> <span class='ocrx_word' id='word_1_137' title='bbox 2286 2106 2547 2191; x_wconf 88' lang='lat' dir='ltr'><strong>primum</strong></span> <span class='ocrx_word' id='word_1_138' title='bbox 2574 2102 2779 2167; x_wconf 88' lang='lat' dir='ltr'><strong>confo-</strong></span> 
     </span>
     <span class='ocr_line' id='line_1_16' title="bbox 392 2189 2781 2287; baseline -0.003 -27"><span class='ocrx_word' id='word_1_139' title='bbox 392 2195 656 2261; x_wconf 90' lang='lat' dir='ltr'><strong>diuntur.</strong></span> <span class='ocrx_word' id='word_1_140' title='bbox 773 2196 814 2261; x_wconf 83' lang='lat' dir='ltr'><strong>J</strong></span> <span class='ocrx_word' id='word_1_141' title='bbox 817 2198 1082 2264; x_wconf 84' lang='lat' dir='ltr'><strong>ohannes</strong></span> <span class='ocrx_word' id='word_1_142' title='bbox 1133 2200 1240 2285; x_wconf 90' lang='lat' dir='ltr'><strong>qui</strong></span> <span class='ocrx_word' id='word_1_143' title='bbox 1289 2198 1356 2263; x_wconf 91' lang='lat' dir='ltr'><strong>in</strong></span> <span class='ocrx_word' id='word_1_144' title='bbox 1405 2197 1676 2282; x_wconf 80' lang='lat' dir='ltr'><strong>proximo</strong></span> <span class='ocrx_word' id='word_1_145' title='bbox 1727 2194 2005 2261; x_wconf 88' lang='lat' dir='ltr'><strong>cubiculo</strong></span> <span class='ocrx_word' id='word_1_146' title='bbox 2056 2192 2405 2272; x_wconf 88' lang='lat' dir='ltr'><strong>dormiebat,</strong></span> <span class='ocrx_word' id='word_1_147' title='bbox 2436 2189 2691 2256; x_wconf 88' lang='lat' dir='ltr'><strong>clamore</strong></span> <span class='ocrx_word' id='word_1_148' title='bbox 2718 2195 2781 2287; x_wconf 78' lang='lat' dir='ltr'><strong>ct</strong></span> 
     </span>
     <span class='ocr_line' id='line_1_17' title="bbox 391 2274 2780 2372; baseline -0.003 -25"><span class='ocrx_word' id='word_1_149' title='bbox 391 2282 646 2369; x_wconf 80' lang='lat' dir='ltr'><strong>strepitu</strong></span> <span class='ocrx_word' id='word_1_150' title='bbox 666 2284 960 2350; x_wconf 85' lang='lat' dir='ltr'><strong>excitatus</strong></span> <span class='ocrx_word' id='word_1_151' title='bbox 987 2285 1232 2351; x_wconf 89' lang='lat' dir='ltr'><strong>loricam</strong></span> <span class='ocrx_word' id='word_1_152' title='bbox 1261 2306 1441 2372; x_wconf 89' lang='lat' dir='ltr'><strong>super</strong></span> <span class='ocrx_word' id='word_1_153' title='bbox 1459 2282 1815 2350; x_wconf 84' lang='lat' dir='ltr'><strong>subuculam</strong></span> <span class='ocrx_word' id='word_1_154' title='bbox 1838 2282 2040 2348; x_wconf 91' lang='lat' dir='ltr'><strong>subito</strong></span> <span class='ocrx_word' id='word_1_155' title='bbox 2060 2281 2263 2347; x_wconf 86' lang='lat' dir='ltr'><strong>induit</strong></span> <span class='ocrx_word' id='word_1_156' title='bbox 2295 2308 2309 2345; x_wconf 70' lang='grc' dir='ltr'><strong><em>ε</em></strong></span> <span class='ocrx_word' id='word_1_157' title='bbox 2343 2278 2549 2343; x_wconf 85' lang='lat' dir='ltr'><strong>stricto</strong></span> <span class='ocrx_word' id='word_1_158' title='bbox 2579 2274 2780 2362; x_wconf 77' lang='lat' dir='ltr'><strong>gladio</strong></span> 
     </span>
     <span class='ocr_line' id='line_1_18' title="bbox 391 2363 2783 2457; baseline -0.003 -23"><span class='ocrx_word' id='word_1_159' title='bbox 391 2367 602 2434; x_wconf 84' lang='lat' dir='ltr'><strong>cubilis</strong></span> <span class='ocrx_word' id='word_1_160' title='bbox 661 2372 882 2435; x_wconf 87' lang='lat' dir='ltr'><strong>ostium</strong></span> <span class='ocrx_word' id='word_1_161' title='bbox 910 2393 1019 2457; x_wconf 91' lang='lat' dir='ltr'><strong>pro</strong></span> <span class='ocrx_word' id='word_1_162' title='bbox 1061 2379 1187 2437; x_wconf 86' lang='lat' dir='ltr'><strong>erat</strong></span> <span class='ocrx_word' id='word_1_163' title='bbox 1215 2371 1528 2438; x_wconf 84' lang='lat' dir='ltr'><strong>defendere</strong></span> <span class='ocrx_word' id='word_1_164' title='bbox 1561 2397 1576 2436; x_wconf 76' lang='grc' dir='ltr'><strong>ε</strong></span> <span class='ocrx_word' id='word_1_165' title='bbox 1622 2368 1905 2436; x_wconf 89' lang='lat' dir='ltr'><strong>omnibus</strong></span> <span class='ocrx_word' id='word_1_166' title='bbox 1935 2369 2163 2436; x_wconf 87' lang='lat' dir='ltr'><strong>aditum</strong></span> <span class='ocrx_word' id='word_1_167' title='bbox 2192 2364 2559 2433; x_wconf 83' lang='lat' dir='ltr'><strong>intercludit.</strong></span> <span class='ocrx_word' id='word_1_168' title='bbox 2590 2363 2783 2428; x_wconf 92' lang='lat' dir='ltr'><strong>donec</strong></span> 
     </span>
     <span class='ocr_line' id='line_1_19' title="bbox 393 2392 2781 2549; baseline -0.003 -28"><span class='ocrx_word' id='word_1_169' title='bbox 393 2456 748 2541; x_wconf 78' lang='lat' dir='ltr'><strong>paciscatur,</strong></span> <span class='ocrx_word' id='word_1_170' title='bbox 779 2463 851 2520; x_wconf 89' lang='lat' dir='ltr'><strong>ut</strong></span> <span class='ocrx_word' id='word_1_171' title='bbox 880 2456 956 2521; x_wconf 89' lang='lat' dir='ltr'><strong>ad</strong></span> <span class='ocrx_word' id='word_1_172' title='bbox 985 2392 1262 2545; x_wconf 60' lang='lat' dir='ltr'><strong>lilligum</strong></span> <span class='ocrx_word' id='word_1_173' title='bbox 1289 2459 1555 2537; x_wconf 84' lang='lat' dir='ltr'><strong>fratrem,</strong></span> <span class='ocrx_word' id='word_1_174' title='bbox 1595 2458 1702 2542; x_wconf 89' lang='lat' dir='ltr'><strong>qui</strong></span> <span class='ocrx_word' id='word_1_175' title='bbox 1729 2457 1806 2521; x_wconf 91' lang='lat' dir='ltr'><strong>ad</strong></span> <span class='ocrx_word' id='word_1_176' title='bbox 1836 2457 1991 2521; x_wconf 88' lang='lat' dir='ltr'><strong>fores</strong></span> <span class='ocrx_word' id='word_1_177' title='bbox 2020 2453 2246 2521; x_wconf 87' lang='lat' dir='ltr'><strong>castelli</strong></span> <span class='ocrx_word' id='word_1_178' title='bbox 2275 2450 2643 2549; x_wconf 74' lang='lat' dir='ltr'><strong>expectabat,</strong></span> <span class='ocrx_word' id='word_1_179' title='bbox 2688 2448 2781 2513; x_wconf 92' lang='lat' dir='ltr'><strong>in-</strong></span> 
     </span>
     <span class='ocr_line' id='line_1_20' title="bbox 390 2536 2783 2628; baseline -0.003 -21"><span class='ocrx_word' id='word_1_180' title='bbox 390 2541 643 2607; x_wconf 88' lang='lat' dir='ltr'><strong>columis</strong></span> <span class='ocrx_word' id='word_1_181' title='bbox 667 2541 1054 2627; x_wconf 77' lang='lat' dir='ltr'><strong>producatur.</strong></span> <span class='ocrx_word' id='word_1_182' title='bbox 1140 2544 1436 2611; x_wconf 82' lang='lat' dir='ltr'><strong>Ooeterum</strong></span> <span class='ocrx_word' id='word_1_183' title='bbox 1464 2544 1704 2628; x_wconf 85' lang='lat' dir='ltr'><strong>perfidis</strong></span> <span class='ocrx_word' id='word_1_184' title='bbox 1731 2542 1873 2607; x_wconf 88' lang='lat' dir='ltr'><strong>fidei</strong></span> <span class='ocrx_word' id='word_1_185' title='bbox 1898 2541 2051 2607; x_wconf 90' lang='lat' dir='ltr'><strong>nihil</strong></span> <span class='ocrx_word' id='word_1_186' title='bbox 2077 2538 2439 2607; x_wconf 89' lang='lat' dir='ltr'><strong>habendum.</strong></span> <span class='ocrx_word' id='word_1_187' title='bbox 2527 2536 2653 2601; x_wconf 82' lang='lat' dir='ltr'><strong>Vix</strong></span> <span class='ocrx_word' id='word_1_188' title='bbox 2681 2556 2783 2599; x_wconf 89' lang='lat' dir='ltr'><strong>en-</strong></span> 
     </span>
     <span class='ocr_line' id='line_1_21' title="bbox 393 2620 2785 2712; baseline -0.003 -19"><span class='ocrx_word' id='word_1_189' title='bbox 393 2648 521 2693; x_wconf 86' lang='lat' dir='ltr'><strong>sem</strong></span> <span class='ocrx_word' id='word_1_190' title='bbox 561 2628 810 2693; x_wconf 85' lang='lat' dir='ltr'><strong>tradidit</strong></span> <span class='ocrx_word' id='word_1_191' title='bbox 857 2635 920 2693; x_wconf 90' lang='lat' dir='ltr'><strong>et</strong></span> <span class='ocrx_word' id='word_1_192' title='bbox 967 2628 1210 2697; x_wconf 88' lang='lat' dir='ltr'><strong>loricam</strong></span> <span class='ocrx_word' id='word_1_193' title='bbox 1239 2632 1405 2696; x_wconf 79' lang='lat' dir='ltr'><strong>exuit</strong></span> <span class='ocrx_word' id='word_1_194' title='bbox 1432 2652 1570 2695; x_wconf 88' lang='lat' dir='ltr'><strong>oum</strong></span> <span class='ocrx_word' id='word_1_195' title='bbox 1601 2654 1636 2695; x_wconf 90' lang='lat' dir='ltr'><strong>a</strong></span> <span class='ocrx_word' id='word_1_196' title='bbox 1674 2629 1899 2694; x_wconf 86' lang='lat' dir='ltr'><strong>sicariis</strong></span> <span class='ocrx_word' id='word_1_197' title='bbox 1926 2628 1994 2692; x_wconf 91' lang='lat' dir='ltr'><strong>in</strong></span> <span class='ocrx_word' id='word_1_198' title='bbox 2020 2630 2153 2712; x_wconf 87' lang='lat' dir='ltr'><strong>ipso</strong></span> <span class='ocrx_word' id='word_1_199' title='bbox 2182 2624 2458 2691; x_wconf 91' lang='lat' dir='ltr'><strong>cubiculo</strong></span> <span class='ocrx_word' id='word_1_200' title='bbox 2489 2623 2632 2689; x_wconf 85' lang='lat' dir='ltr'><strong>diris</strong></span> <span class='ocrx_word' id='word_1_201' title='bbox 2654 2620 2785 2685; x_wconf 85' lang='lat' dir='ltr'><strong>vul-</strong></span> 
     </span>
     <span class='ocr_line' id='line_1_22' title="bbox 392 2710 2783 2804; baseline -0.003 -25"><span class='ocrx_word' id='word_1_202' title='bbox 392 2712 636 2779; x_wconf 88' lang='lat' dir='ltr'><strong>neribus</strong></span> <span class='ocrx_word' id='word_1_203' title='bbox 663 2714 984 2799; x_wconf 83' lang='lat' dir='ltr'><strong>configitur</strong></span> <span class='ocrx_word' id='word_1_204' title='bbox 1025 2716 1234 2783; x_wconf 90' lang='lat' dir='ltr'><strong>eodem</strong></span> <span class='ocrx_word' id='word_1_205' title='bbox 1275 2738 1432 2782; x_wconf 87' lang='lat' dir='ltr'><strong>anno</strong></span> <span class='ocrx_word' id='word_1_206' title='bbox 1481 2736 1601 2799; x_wconf 90' lang='lat' dir='ltr'><strong>quo</strong></span> <span class='ocrx_word' id='word_1_207' title='bbox 1642 2714 1986 2780; x_wconf 83' lang='lat' dir='ltr'><strong>Desmoniae</strong></span> <span class='ocrx_word' id='word_1_208' title='bbox 2028 2734 2227 2779; x_wconf 89' lang='lat' dir='ltr'><strong>comes</strong></span> <span class='ocrx_word' id='word_1_209' title='bbox 2254 2718 2345 2775; x_wconf 88' lang='lat' dir='ltr'><strong>est</strong></span> <span class='ocrx_word' id='word_1_210' title='bbox 2394 2710 2587 2796; x_wconf 90' lang='lat' dir='ltr'><strong>capite</strong></span> <span class='ocrx_word' id='word_1_211' title='bbox 2614 2714 2783 2804; x_wconf 77' lang='lat' dir='ltr'><strong>trun-</strong></span> 
     </span>
     <span class='ocr_line' id='line_1_23' title="bbox 397 2793 2787 2887; baseline -0.004 -21"><span class='ocrx_word' id='word_1_212' title='bbox 397 2801 633 2866; x_wconf 57' lang='lat' dir='ltr'><strong>catusfi‘·</strong></span> <span class='ocrx_word' id='word_1_213' title='bbox 721 2800 989 2887; x_wconf 85' lang='lat' dir='ltr'><strong>Reliquit</strong></span> <span class='ocrx_word' id='word_1_214' title='bbox 1015 2802 1168 2869; x_wconf 88' lang='lat' dir='ltr'><strong>filios</strong></span> <span class='ocrx_word' id='word_1_215' title='bbox 1217 2803 1368 2868; x_wconf 87' lang='lat' dir='ltr'><strong>duos</strong></span> <span class='ocrx_word' id='word_1_216' title='bbox 1389 2802 1812 2887; x_wconf 84' lang='lat' dir='ltr'><strong>Raymundum</strong></span> <span class='ocrx_word' id='word_1_217' title='bbox 1827 2799 2131 2866; x_wconf 85' lang='lat' dir='ltr'><strong>Leitrimae</strong></span> <span class='ocrx_word' id='word_1_218' title='bbox 2158 2797 2439 2865; x_wconf 85' lang='lat' dir='ltr'><strong>baronem</strong></span> <span class='ocrx_word' id='word_1_219' title='bbox 2468 2802 2529 2861; x_wconf 90' lang='lat' dir='ltr'><strong>et</strong></span> <span class='ocrx_word' id='word_1_220' title='bbox 2559 2793 2787 2860; x_wconf 86' lang='lat' dir='ltr'><strong>Guhel-</strong></span> 
     </span>
     <span class='ocr_line' id='line_1_24' title="bbox 397 2885 1620 2974; baseline -0.002 -21"><span class='ocrx_word' id='word_1_221' title='bbox 397 2909 583 2953; x_wconf 87' lang='lat' dir='ltr'><strong>mum</strong></span> <span class='ocrx_word' id='word_1_222' title='bbox 623 2885 929 2974; x_wconf 88' lang='lat' dir='ltr'><strong>dequibus</strong></span> <span class='ocrx_word' id='word_1_223' title='bbox 956 2890 1114 2955; x_wconf 88' lang='lat' dir='ltr'><strong>infra</strong></span> <span class='ocrx_word' id='word_1_224' title='bbox 1135 2890 1328 2955; x_wconf 85' lang='lat' dir='ltr'><strong>fusius</strong></span> <span class='ocrx_word' id='word_1_225' title='bbox 1358 2909 1620 2974; x_wconf 84' lang='lat' dir='ltr'><strong>agemus.</strong></span> 
     </span>
    </p>
   </div>
   <div class='ocr_carea' id='block_1_3' title="bbox 1383 3390 1786 3457">
    <p class='ocr_par' dir='ltr' id='par_1_3' title="bbox 1383 3390 1786 3457">
     <span class='ocr_line' id='line_1_25' title="bbox 1383 3390 1786 3457; baseline -0.005 0"><span class='ocrx_word' id='word_1_226' title='bbox 1383 3391 1564 3457; x_wconf 86' lang='lat' dir='ltr'><strong>CAP.</strong></span> <span class='ocrx_word' id='word_1_227' title='bbox 1606 3390 1786 3457; x_wconf 90' lang='lat' dir='ltr'><strong>XIX.</strong></span> 
     </span>
    </p>
   </div>
   <div class='ocr_carea' id='block_1_4' title="bbox 544 3585 2652 3731">
    <p class='ocr_par' dir='ltr' id='par_1_4' title="bbox 544 3585 2652 3731">
     <span class='ocr_line' id='line_1_26' title="bbox 544 3585 2652 3673; baseline 0 -34"><span class='ocrx_word' id='word_1_228' title='bbox 544 3585 865 3657; x_wconf 73' lang='lat' dir='ltr'><strong>Dei-mysius</strong></span> <span class='ocrx_word' id='word_1_229' title='bbox 893 3586 1200 3644; x_wconf 79' lang='lat' dir='ltr'><strong>O&#39;Hurlius</strong></span> <span class='ocrx_word' id='word_1_230' title='bbox 1242 3588 1709 3673; x_wconf 65' lang='lat' dir='ltr'><strong>Archjepiscopus</strong></span> <span class='ocrx_word' id='word_1_231' title='bbox 1734 3586 1952 3644; x_wconf 77' lang='lat' dir='ltr'><strong>Casiliae</strong></span> <span class='ocrx_word' id='word_1_232' title='bbox 1979 3588 2141 3660; x_wconf 78' lang='lat' dir='ltr'><strong>longe</strong></span> <span class='ocrx_word' id='word_1_233' title='bbox 2166 3586 2569 3649; x_wconf 79' lang='lat' dir='ltr'><strong>invictissimus,</strong></span> <span class='ocrx_word' id='word_1_234' title='bbox 2594 3593 2652 3639; x_wconf 78' lang='lat' dir='ltr'><strong>et</strong></span> 
     </span>
     <span class='ocr_line' id='line_1_27' title="bbox 1271 3660 1869 3731; baseline -0.002 -19"><span class='ocrx_word' id='word_1_235' title='bbox 1271 3660 1605 3715; x_wconf 71' lang='lat' dir='ltr'><strong>clarissimus</strong></span> <span class='ocrx_word' id='word_1_236' title='bbox 1632 3660 1869 3731; x_wconf 76' lang='lat' dir='ltr'><strong>Max-tyr.</strong></span> 
     </span>
    </p>
   </div>
   <div class='ocr_carea' id='block_1_5' title="bbox 399 3827 2800 4523">
    <p class='ocr_par' dir='ltr' id='par_1_5' title="bbox 399 3827 2800 4523">
     <span class='ocr_line' id='line_1_28' title="bbox 399 3827 2797 3915; baseline 0.001 -22"><span class='ocrx_word' id='word_1_237' title='bbox 399 3828 530 3895; x_wconf 88' lang='lat' dir='ltr'><strong>H1s</strong></span> <span class='ocrx_word' id='word_1_238' title='bbox 557 3827 786 3895; x_wconf 91' lang='lat' dir='ltr'><strong>bellicis</strong></span> <span class='ocrx_word' id='word_1_239' title='bbox 813 3828 1125 3909; x_wconf 86' lang='lat' dir='ltr'><strong>incendiis,</strong></span> <span class='ocrx_word' id='word_1_240' title='bbox 1157 3828 1376 3915; x_wconf 89' lang='lat' dir='ltr'><strong>quibus</strong></span> <span class='ocrx_word' id='word_1_241' title='bbox 1404 3829 1534 3896; x_wconf 83' lang='lat' dir='ltr'><strong>haec</strong></span> <span class='ocrx_word' id='word_1_242' title='bbox 1562 3829 1760 3896; x_wconf 84' lang='lat' dir='ltr'><strong>insula</strong></span> <span class='ocrx_word' id='word_1_243' title='bbox 1807 3828 2021 3894; x_wconf 67' lang='lat' dir='ltr'><strong>misere</strong></span> <span class='ocrx_word' id='word_1_244' title='bbox 2069 3828 2376 3915; x_wconf 79' lang='lat' dir='ltr'><strong>flagrabat,</strong></span> <span class='ocrx_word' id='word_1_245' title='bbox 2406 3830 2648 3914; x_wconf 83' lang='lat' dir='ltr'><strong>pacatis,</strong></span> <span class='ocrx_word' id='word_1_246' title='bbox 2680 3829 2797 3896; x_wconf 83' lang='lat' dir='ltr'><strong>alia</strong></span> 
     </span>
     <span class='ocr_line' id='line_1_29' title="bbox 399 3914 2798 4005; baseline -0 -23"><span class='ocrx_word' id='word_1_247' title='bbox 399 3916 638 3982; x_wconf 85' lang='lat' dir='ltr'><strong>flamma</strong></span> <span class='ocrx_word' id='word_1_248' title='bbox 665 3916 898 4001; x_wconf 83' lang='lat' dir='ltr'><strong>excepit</strong></span> <span class='ocrx_word' id='word_1_249' title='bbox 926 3914 1106 4001; x_wconf 67' lang='lat' dir='ltr'><strong>longe</strong></span> <span class='ocrx_word' id='word_1_250' title='bbox 1133 3915 1540 3996; x_wconf 87' lang='lat' dir='ltr'><strong>miserabilior,</strong></span> <span class='ocrx_word' id='word_1_251' title='bbox 1571 3922 1632 3981; x_wconf 89' lang='lat' dir='ltr'><strong>et</strong></span> <span class='ocrx_word' id='word_1_252' title='bbox 1662 3916 1997 3993; x_wconf 86' lang='lat' dir='ltr'><strong>immanior,</strong></span> <span class='ocrx_word' id='word_1_253' title='bbox 2032 3938 2102 3982; x_wconf 89' lang='lat' dir='ltr'><strong>ea</strong></span> <span class='ocrx_word' id='word_1_254' title='bbox 2128 3922 2219 3981; x_wconf 88' lang='lat' dir='ltr'><strong>est</strong></span> <span class='ocrx_word' id='word_1_255' title='bbox 2247 3916 2512 4005; x_wconf 85' lang='lat' dir='ltr'><strong>tyrannis</strong></span> <span class='ocrx_word' id='word_1_256' title='bbox 2541 3917 2798 3982; x_wconf 86' lang='lat' dir='ltr'><strong>exercita</strong></span> 
     </span>
     <span class='ocr_line' id='line_1_30' title="bbox 399 4002 2795 4091; baseline -0 -22"><span class='ocrx_word' id='word_1_257' title='bbox 399 4002 466 4069; x_wconf 89' lang='lat' dir='ltr'><strong>in</strong></span> <span class='ocrx_word' id='word_1_258' title='bbox 516 4002 869 4083; x_wconf 83' lang='lat' dir='ltr'><strong>sacerdotes,</strong></span> <span class='ocrx_word' id='word_1_259' title='bbox 923 4008 986 4068; x_wconf 89' lang='lat' dir='ltr'><strong>et</strong></span> <span class='ocrx_word' id='word_1_260' title='bbox 1029 4002 1176 4068; x_wconf 88' lang='lat' dir='ltr'><strong>alios</strong></span> <span class='ocrx_word' id='word_1_261' title='bbox 1226 4002 1584 4069; x_wconf 87' lang='lat' dir='ltr'><strong>Oatholicos.</strong></span> <span class='ocrx_word' id='word_1_262' title='bbox 1675 4002 1815 4074; x_wconf 83' lang='lat' dir='ltr'><strong>Qua</strong></span> <span class='ocrx_word' id='word_1_263' title='bbox 1866 4002 2136 4070; x_wconf 84' lang='lat' dir='ltr'><strong>sublatus</strong></span> <span class='ocrx_word' id='word_1_264' title='bbox 2182 4003 2474 4091; x_wconf 89' lang='lat' dir='ltr'><strong>imprimis</strong></span> <span class='ocrx_word' id='word_1_265' title='bbox 2524 4008 2618 4069; x_wconf 87' lang='lat' dir='ltr'><strong>est</strong></span> <span class='ocrx_word' id='word_1_266' title='bbox 2641 4002 2795 4069; x_wconf 87' lang='lat' dir='ltr'><strong>Der-</strong></span> 
     </span>
     <span class='ocr_line' id='line_1_31' title="bbox 399 4088 2794 4191; baseline 0 -37"><span class='ocrx_word' id='word_1_267' title='bbox 399 4091 624 4177; x_wconf 79' lang='lat' dir='ltr'><strong>mysius</strong></span> <span class='ocrx_word' id='word_1_268' title='bbox 655 4088 992 4156; x_wconf 86' lang='lat' dir='ltr'><strong>O&#39;Hurlius</strong></span> <span class='ocrx_word' id='word_1_269' title='bbox 1009 4088 1243 4190; x_wconf 61' lang='lat' dir='ltr'><strong>Casiliae</strong></span> <span class='ocrx_word' id='word_1_270' title='bbox 1259 4089 1781 4176; x_wconf 78' lang='lat' dir='ltr'><strong>Archiepiscopus,</strong></span> <span class='ocrx_word' id='word_1_271' title='bbox 1805 4089 1889 4191; x_wconf 75' lang='lat' dir='ltr'><strong>de</strong></span> <span class='ocrx_word' id='word_1_272' title='bbox 1918 4112 2038 4190; x_wconf 78' lang='lat' dir='ltr'><strong>quo</strong></span> <span class='ocrx_word' id='word_1_273' title='bbox 2066 4114 2177 4157; x_wconf 91' lang='lat' dir='ltr'><strong>nos</strong></span> <span class='ocrx_word' id='word_1_274' title='bbox 2205 4092 2291 4157; x_wconf 87' lang='lat' dir='ltr'><strong>ita</strong></span> <span class='ocrx_word' id='word_1_275' title='bbox 2318 4091 2794 4157; x_wconf 83' lang='lat' dir='ltr'><strong>memoravimus.</strong></span> 
     </span>
     <span class='ocr_line' id='line_1_32' title="bbox 399 4174 2800 4364; baseline 0 -35"><span class='ocrx_word' id='word_1_276' title='bbox 399 4174 1672 4364; x_wconf 54' lang='grc' dir='ltr'><strong>ἓξιίᾚζέἔῃῗεᾞῗῃῗῖζῐῗὲῗωῖ</strong></span> <span class='ocrx_word' id='word_1_277' title='bbox 1672 4176 2800 4364; x_wconf 48' lang='lat' dir='ltr'><strong>mqumfflqfflssssiassuiiffifmffi</strong></span> 
     </span>
     <span class='ocr_line' id='line_1_33' title="bbox 399 4350 2799 4501; baseline 0 -85"><span class='ocrx_word' id='word_1_278' title='bbox 399 4350 686 4501; x_wconf 43' lang='lat' dir='ltr'><strong>grandior</strong></span> <span class='ocrx_word' id='word_1_279' title='bbox 713 4350 1015 4432; x_wconf 81' lang='lat' dir='ltr'><strong>Lovaniae,</strong></span> <span class='ocrx_word' id='word_1_280' title='bbox 1045 4356 1107 4417; x_wconf 93' lang='lat' dir='ltr'><strong>et</strong></span> <span class='ocrx_word' id='word_1_281' title='bbox 1132 4350 1376 4416; x_wconf 86' lang='lat' dir='ltr'><strong>Pansus</strong></span> <span class='ocrx_word' id='word_1_282' title='bbox 1401 4356 1641 4415; x_wconf 88' lang='lat' dir='ltr'><strong>tantum</strong></span> <span class='ocrx_word' id='word_1_283' title='bbox 1682 4373 1749 4415; x_wconf 89' lang='lat' dir='ltr'><strong>m</strong></span> <span class='ocrx_word' id='word_1_284' title='bbox 1777 4350 2146 4436; x_wconf 81' lang='lat' dir='ltr'><strong>gravioribus</strong></span> <span class='ocrx_word' id='word_1_285' title='bbox 2174 4350 2391 4417; x_wconf 79' lang='lat' dir='ltr'><strong>studiis</strong></span> <span class='ocrx_word' id='word_1_286' title='bbox 2418 4372 2799 4451; x_wconf 79' lang='lat' dir='ltr'><strong>progressum</strong></span> 
     </span>
     <span class='ocr_line' id='line_1_34' title="bbox 425 4436 2797 4523; baseline 0 -20"><span class='ocrx_word' id='word_1_287' title='bbox 425 4438 562 4521; x_wconf 88' lang='lat' dir='ltr'><strong>ecit,</strong></span> <span class='ocrx_word' id='word_1_288' title='bbox 587 4443 678 4517; x_wconf 89' lang='lat' dir='ltr'><strong>ut,</strong></span> <span class='ocrx_word' id='word_1_289' title='bbox 715 4439 767 4504; x_wconf 87' lang='lat' dir='ltr'><strong>si</strong></span> <span class='ocrx_word' id='word_1_290' title='bbox 795 4461 934 4505; x_wconf 89' lang='lat' dir='ltr'><strong>cum</strong></span> <span class='ocrx_word' id='word_1_291' title='bbox 960 4436 1304 4505; x_wconf 90' lang='lat' dir='ltr'><strong>hominibus</strong></span> <span class='ocrx_word' id='word_1_292' title='bbox 1345 4437 1442 4503; x_wconf 90' lang='lat' dir='ltr'><strong>sui</strong></span> <span class='ocrx_word' id='word_1_293' title='bbox 1488 4439 1776 4523; x_wconf 88' lang='lat' dir='ltr'><strong>temporis</strong></span> <span class='ocrx_word' id='word_1_294' title='bbox 1821 4438 2179 4517; x_wconf 78' lang='lat' dir='ltr'><strong>conferatur,</strong></span> <span class='ocrx_word' id='word_1_295' title='bbox 2230 4436 2667 4505; x_wconf 79' lang='lat' dir='ltr'><strong>Grammaticus</strong></span> <span class='ocrx_word' id='word_1_296' title='bbox 2693 4436 2797 4503; x_wconf 84' lang='lat' dir='ltr'><strong>vix</strong></span> 
     </span>
    </p>
   </div>
   <div class='ocr_carea' id='block_1_6' title="bbox 474 4648 2797 4735">
    <p class='ocr_par' dir='ltr' id='par_1_6' title="bbox 474 4648 2797 4735">
     <span class='ocr_line' id='line_1_35' title="bbox 474 4648 2797 4735; baseline 0.003 -31"><span class='ocrx_word' id='word_1_297' title='bbox 474 4650 499 4677; x_wconf 76' lang='lat'><strong>‘</strong></span> <span class='ocrx_word' id='word_1_298' title='bbox 536 4648 610 4703; x_wconf 77' lang='lat' dir='ltr'><strong>A.</strong></span> <span class='ocrx_word' id='word_1_299' title='bbox 637 4648 724 4704; x_wconf 87' lang='lat' dir='ltr'><strong>D.</strong></span> <span class='ocrx_word' id='word_1_300' title='bbox 753 4652 906 4717; x_wconf 76' lang='lat'><strong>1⁵83,</strong></span> <span class='ocrx_word' id='word_1_301' title='bbox 929 4669 983 4724; x_wconf 90' lang='lat' dir='ltr'><strong>p.</strong></span> <span class='ocrx_word' id='word_1_302' title='bbox 1012 4654 1172 4714; x_wconf 78' lang='lat'><strong>1803,</strong></span> <span class='ocrx_word' id='word_1_303' title='bbox 1197 4668 1287 4705; x_wconf 83' lang='lat' dir='ltr'><strong>see</strong></span> <span class='ocrx_word' id='word_1_304' title='bbox 1311 4669 1384 4735; x_wconf 52' lang='grc' dir='ltr'><strong>ἰ).</strong></span> <span class='ocrx_word' id='word_1_305' title='bbox 1412 4650 1570 4708; x_wconf 79' lang='grc'>1738.</span> <span class='ocrx_word' id='word_1_306' title='bbox 1647 4648 2023 4720; x_wconf 79' lang='lat' dir='ltr'><strong>Immediately</strong></span> <span class='ocrx_word' id='word_1_307' title='bbox 2061 4648 2249 4705; x_wconf 83' lang='lat' dir='ltr'><strong>before</strong></span> <span class='ocrx_word' id='word_1_308' title='bbox 2284 4652 2377 4707; x_wconf 87' lang='lat' dir='ltr'><strong>the</strong></span> <span class='ocrx_word' id='word_1_309' title='bbox 2400 4654 2641 4721; x_wconf 86' lang='lat' dir='ltr'><strong>murder,</strong></span> <span class='ocrx_word' id='word_1_310' title='bbox 2662 4656 2797 4712; x_wconf 84' lang='lat' dir='ltr'><strong>both</strong></span> 
     </span>
    </p>
   </div>
   <div class='ocr_carea' id='block_1_7' title="bbox 401 4718 2799 4865">
    <p class='ocr_par' dir='ltr' id='par_1_7' title="bbox 401 4718 2799 4865">
     <span class='ocr_line' id='line_1_36' title="bbox 401 4718 2799 4865; baseline 0.003 -92"><span class='ocrx_word' id='word_1_311' title='bbox 401 4718 948 4865; x_wconf 45' lang='lat' dir='ltr'><strong>lgzdmrgaggzegtgith</strong></span> <span class='ocrx_word' id='word_1_312' title='bbox 986 4722 1179 4796; x_wconf 70' lang='lat' dir='ltr'><strong>Malby</strong></span> <span class='ocrx_word' id='word_1_313' title='bbox 1203 4728 1419 4795; x_wconf 75' lang='lat' dir='ltr'><strong>against</strong></span> <span class='ocrx_word' id='word_1_314' title='bbox 1441 4720 1538 4775; x_wconf 79' lang='lat' dir='ltr'><strong>the</strong></span> <span class='ocrx_word' id='word_1_315' title='bbox 1565 4718 1876 4793; x_wconf 70' lang='lat' dir='ltr'><strong>O’Malleyn.</strong></span> <span class='ocrx_word' id='word_1_316' title='bbox 1962 4720 2153 4795; x_wconf 75' lang='lat' dir='ltr'><strong>Malby</strong></span> <span class='ocrx_word' id='word_1_317' title='bbox 2169 4740 2277 4779; x_wconf 76' lang='lat' dir='ltr'><strong>was</strong></span> <span class='ocrx_word' id='word_1_318' title='bbox 2302 4743 2337 4779; x_wconf 83' lang='lat' dir='ltr'><strong>a</strong></span> <span class='ocrx_word' id='word_1_319' title='bbox 2358 4742 2551 4797; x_wconf 77' lang='lat' dir='ltr'><strong>savage</strong></span> <span class='ocrx_word' id='word_1_320' title='bbox 2576 4727 2799 4798; x_wconf 83' lang='lat' dir='ltr'><strong>capable</strong></span> 
     </span>
    </p>
   </div>
  </div>
 </body>
</html>
