3634 5842
415 736 551 783 css.
597 717 718 803 m]
1069 738 1152 783 nn
1194 738 1396 785 aeuo
1441 737 1816 788 ammones-u
1862 736 2195 783 annosum.
2666 719 2787 785 15⁷

410 910 608 955 rerum
635 890 1004 957 meditationi
1047 914 1282 958 vacans.
1347 888 1718 956 O’Donellus
1751 890 1889 972 (hoc
1930 890 2173 957 nomine
2216 890 2493 977 deinceps
2520 888 2795 955 Rubrum

410 976 796 1062 appellamus)
859 978 935 1043 de
991 1001 1154 1045 more
1207 974 1644 1063 inauguratus*
1697 976 1869 1043 illum
1916 976 2030 1043 sibi
2074 976 2457 1043 consiliorum
2504 977 2790 1057 omnium,

409 1070 590 1149 atque
638 1086 710 1129 co
756 1066 1066 1131 'tationum
1110 1066 1290 1131 finem
1334 1064 1665 1143 constituit,
1708 1068 1782 1127 ut
1830 1064 2101 1149 patriam,
2132 1063 2615 1149 Catholicamque
2658 1064 2792 1129 reli·

408 1150 666 1236 gionem,
697 1174 734 1216 a
803 1151 1138 1238 Anglorum
1166 1150 1376 1217 haeresi
1404 1156 1464 1216 et
1490 1150 1802 1249 tyrannide
1852 1150 2196 1230 vindicaret,
2245 1172 2383 1217 cum
2410 1151 2484 1217 iis
2526 1151 2633 1236 qui
2676 1151 2795 1237 ipsi

409 1236 501 1301 vel
529 1236 786 1323 quadam
813 1238 1186 1305 observantia
1200 1237 1297 1303 vel⁴
1310 1236 1559 1303 domimi
1581 1238 1716 1325 jure
1733 1238 2040 1322 parebant,
2061 1238 2283 1304 faciens
2300 1238 2789 1324 conjurationem.

409 1322 498 1388 Hi
528 1332 694 1389 erant
720 1323 1030 1410 Eugenius
1059 1324 1199 1391 Mac
1231 1324 1518 1390 Suinnius
1547 1330 1945 1411 cognomento
1974 1324 2017 1391 J
2018 1325 2193 1391 unior
2212 1324 2482 1390 Tuethioe
2540 1325 2789 1425 rinceps,

443 1410 510 1475 ui
530 1410 656 1495 Jam
684 1434 792 1497 pro
847 1411 1252 1498 Hispanorum
1301 1410 1492 1477 salute
1539 1410 1961 1479 rebellaverat:
2002 1411 2280 1479 Donatus
2332 1410 2473 1477 Mac
2546 1412 2791 1477 uinmus

461 1496 702 1563 anacboe
749 1498 1042 1585 princeps,
1094 1497 1310 1565 Daniel
1356 1498 1499 1564 Mac
1527 1498 1816 1564 Suinnius
1860 1496 2104 1565 Fanidae
2146 1499 2439 1584 princeps,
2485 1497 2529 1562 J
2528 1498 2791 1565 ohannes

404 1581 784 1651 O'Docharta
827 1585 1090 1651 Inisonae
2116 1585 2130 1598 ’
2248 1584 2261 1597 ’

403 1668 646 1769 minime
673 1670 866 1737 defuit
895 1608 1254 1738 O’Ruarfius
1302 1671 1686 1737 Oonnachtus
1735 1671 2039 1737 Brethniae
2081 1671 2373 1758 princeps,
2404 1672 2511 1757 qui
2546 1673 2727 1737 occisi
2754 1695 2791 1738 a

401 1758 606 1842 regma
630 1764 796 1843 patre
823 1758 1049 1825 nuliam
1119 1765 1338 1825 aternae
1364 1759 1528 1824 necis
1553 1757 1907 1824 ulciscendae
1927 1759 2295 1825 occasionem
2320 1759 2713 1844 praetermisit.

491 1842 672 1909 Haud
722 1844 956 1911 dubitat
1002 1846 1078 1911 0'
1143 1844 1372 1911 onellus
1423 1845 1572 1930 quin
1619 1845 1797 1910 etiam
1825 1845 2083 1911 Tirenus
2112 1866 2307 1911 comes
2336 1868 2447 1931 pro
2482 1844 2787 1913 catholica

398 1928 682 2017 religione
709 1954 870 1997 arma
898 1938 1156 1999 sumeret
1183 1933 1300 1999 nisi
1325 1932 1560 2017 ingenti,
1583 1938 1750 1997 metu
1771 1930 2042 1999 Terentii
2084 1930 2331 1998 O’Neffi
2358 1933 2783 2019 consanguinei

399 2016 492 2081 sui
539 2016 772 2085 Tironae
820 2019 1106 2106 principis
1149 2018 1580 2106 prohiberetur,
1611 2020 1716 2104 qui
1757 2024 2027 2085 veterum
2066 2018 2509 2087 inimicitiarum
2556 2042 2782 2085 memor

396 2101 706 2169 videbatur
732 2106 958 2171 nnllam
986 2129 1064 2193 op
1107 2106 1492 2172 ortunitatem
1519 2105 1773 2171 nocendi
1801 2105 2005 2205 comiti
2032 2106 2465 2205 praemissurus,
2491 2105 2781 2193 illumque

1181 1586 1438 1671 rinceps,
1467 1583 1782 1651 O'Buillus
1810 1590 1873 1649 et
1900 1584 2001 1649 alii
2054 1606 2295 1651 mmons
2344 1591 2522 1665 notun,
2572 1585 2791 1685 quibus

395 2189 554 2255 facili
579 2194 820 2277 negotio
849 2194 1018 2277 locon
1093 2194 1387 2347 ejbecturus
1428 2198 1670 2279 propter
1697 2214 2213 2292 propensrsslmam
2240 2193 2305 2259 in
2334 2215 2397 2258 se
2422 2192 2773 2259 'Pironorum
2802 2208 2981 2277 [124.]

1095 2304 1132 2347 o

395 2276 780 2344 voluntatem.
869 2279 1066 2352 Quem
1173 2281 1326 2347 icem
1373 2278 1716 2345 removendi
1764 2280 2018 2366 cupidus
2049 2277 2421 2345 O'Donellus
2450 2278 2775 2347 O’Nellum

395 2364 649 2449 primum
677 2365 949 2433 omnium
976 2390 1290 2453 aggressus
1309 2374 1370 2432 et
1391 2365 1756 2440 Srabanem†
1786 2366 1915 2453 ejus
1930 2366 2325 2453 municipium
2338 2367 2403 2431 in
2420 2367 2653 2432 comitis
2752 2408 2777 2422 -

393 2456 668 2515 testatem
715 2452 992 2535 redigens
1036 2456 1103 2519 in
1146 2476 1388 2540 parvam
1435 2453 1694 2521 insulam
1737 2453 1876 2540 lacu
1916 2454 2209 2519 munitam
2252 2452 2563 2539 compulit.
2648 2390 2777 2519 &iii

393 2534 688 2601 O'Nellus
715 2538 945 2604 medius
973 2540 1128 2605 inter
1177 2538 1580 2605 O'Donellum
1607 2546 1669 2604 et
1696 2541 1975 2605 comitem
2002 2562 2131 2605 sese
2171 2540 2485 2619 continuit,
2518 2539 2591 2605 de
2618 2539 2776 2606 bello

391 2621 542 2687 nihil
570 2644 804 2703 curans,
834 2626 996 2710 quod
1021 2625 1116 2690 vel
1145 2626 1310 2691 senio
1338 2631 1466 2691 erat
1507 2626 1833 2705 confectus,
1862 2626 1957 2691 v‘el
1984 2648 2021 2691 a
2046 2626 2283 2692 Tironis
2324 2632 2531 2692 contra
2556 2626 2774 2692 Catho-

389 2708 536 2773 licos
581 2730 706 2775 non
751 2709 1162 2796 adjuvabatur,
1187 2710 1284 2777 vel
1331 2712 1460 2797 ipse
1507 2710 1849 2777 Oatholicus
1891 2711 2359 2798 protestantibus
2399 2735 2573 2799 opem
2624 2713 2775 2780 ferre

391 2793 647 2875 nolebat,
679 2796 868 2863 donec
894 2796 1136 2864 biennio
1163 2798 1396 2864 circiter
1423 2803 1560 2885 post
1587 2797 1710 2863 vita
1735 2798 1917 2864 fuerit
1944 2798 2280 2865 defunctus.

1397 3304 1576 3373 CAP.
1622 3306 1737 3372 VI.

391 3522 518 3577 Mac
559 3520 734 3577 Guier
776 3530 973 3575 contra
1013 3520 1392 3577 Protestantes
1435 3540 1589 3577 arma
1628 3522 1810 3576 sumit.
1880 3518 2213 3574 Edmundus
2252 3516 2486 3573 Ibernio
2509 3516 2710 3588 primas
2734 3535 2769 3571 a

1052 3592 1219 3665 regiis
1243 3593 1516 3649 occiditur
1541 3600 1598 3647 et
1621 3593 1740 3647 alin
1763 3591 1930 3645 ναίω
1952 3608 2059 3645 res.

395 3768 476 3833 In
503 3770 622 3836 fine
649 3771 904 3857 proximi
953 3772 1286 3853 autumni‚‡
1340 3771 1529 3857 Hugo
1574 3769 1716 3835 Mac
1745 3768 1935 3835 Gnier
1982 3764 2435 3833 Faramonacbae
2491 3766 2765 3852 princeps

385 3876 545 3922 arma
572 3865 778 3923 contra
825 3863 1219 3945 protestantes
1267 3858 1502 3944 cogitur
1531 3878 1779 3921 sumere.
1868 3854 2029 3919 Nam
2070 3874 2147 3919 ue
2176 3851 2425 3917 Midhiae
2467 3852 2763 3918 ministro-

382 3943 662 4043 piscopus
709 3945 872 4009 misit
915 3945 1260 4045 baereticum
1307 3943 1859 4045 ministroclericum
1906 3941 1973 4005 in
2021 3964 2058 4005 a
2098 3939 2317 4041 batiam
2348 3960 2481 4024 qum
2507 3938 2765 4040 Cluenes

383 4028 916 4184 mgna&
943 4032 1094 4183 113³}
1091 4030 1291 4185 ιζιὲἔο
1309 4026 2763 4203 Pssgffiuetpziggecoffiassbffgsstfiiiztosgepd

383 4203 560 4269 etiam
587 4205 889 4292 proximos
917 4204 1058 4271 Mac
1087 4204 1326 4271 Guieris
1352 4204 1642 4271 obaeratos
1661 4204 1837 4270 variis
1854 4200 2139 4269 molestiis
2154 4198 2463 4280 afficiebat,
2494 4199 2762 4265 homines

449 4448 473 4475 ⁸
509 4446 608 4501 Ma
662 4450 716 4513 3,
743 4449 900 4501 1592.
975 4446 1054 4501 At
1079 4445 1479 4501 Kilmacrenan.
1557 4448 1708 4502 Fom-
1731 4448 1985 4511 Manere,
2006 4466 2059 4518 p.
2092 4450 2245 4503 1929.

448 4516 488 4587 †
526 4519 597 4574 A.
661 4556 680 4572 .
713 4522 868 4580 1592,
893 4517 1047 4571 Four
1073 4517 1328 4581 Masters,
1350 4535 1405 4589 p.
1439 4520 1592 4584 1933,
1607 4518 1710 4573 but
1732 4519 1827 4573 the
1850 4536 1997 4573 same
2019 4536 2149 4589 year
2173 4518 2301 4573 Red
2324 4516 2517 4591 Hugb,
2532 4518 2587 4572 in
2612 4536 2758 4575 com..

381 4603 520 4658 pany
543 4588 671 4642 with
696 4590 789 4643 the
812 4588 952 4642 Earl
976 4588 1042 4642 of
1060 4587 1298 4661 Tyr-ono,
1323 4589 1479 4642 made
1637 4607 1668 4643 e
1706 4590 1839 4644 with
1882 4590 2105 4660 Deputy
2148 4588 2493 4643 Fitzwilliam
2519 4598 2577 4644 at
2599 4590 2755 4647 Dun-

383 4658 526 4711 dalk.
601 4660 738 4713 lbid.
810 4660 926 4713 For
967 4660 1062 4714 the
1100 4660 1385 4714 character
1423 4676 1492 4713 an
1573 4660 1736 4714 death
1781 4660 1945 4730 (Dec.
1982 4662 2035 4725 7,
2067 4662 2228 4731 1600)
2273 4660 2338 4715 of
2372 4660 2497 4716 Red
2540 4660 2755 4734 Hugb's

381 4727 578 4791 father,
603 4748 692 4783 see
715 4730 849 4793 ibid,
871 4748 924 4801 p.
949 4734 1106 4786 2219.

453 4800 484 4867 ‡
519 4799 672 4871 July,
699 4800 845 4856 AJ).
873 4804 1022 4857 1593.
1097 4802 1247 4857 Four
1269 4802 1522 4867 Manen,
1546 4820 1600 4874 p.
1630 4802 1781 4863 1987.
1898 4810 1909 4821 ’
