3634 5842
357 743 494 789 cu.
527 724 660 808 111.]
1041 746 1388 795 ufflnn'rrcis
1428 750 1816 796 rrnfflmms
1861 753 2101 797 SUMMA.
2663 740 2695 803 7
2704 741 2739 801 5

1372 905 1552 970 OAP.
1599 905 1727 971 ΙΙΙ.

358 1037 832 1102 Quemadmodum
856 1038 984 1093 Rex
1003 1038 1220 1111 Angliae
1264 1039 1541 1095 Henricus
1579 1040 1635 1094 in
1677 1041 1927 1097 haeresim
1970 1045 2151 1115 lapsus
2174 1054 2305 1117 post
2327 1046 2647 1119 religionem
2682 1051 2739 1103 in

423 1109 629 1235 Aufilia
651 1111 969 1195 extinctam,
1005 1110 1062 1164 in
1107 1111 1324 1165 ibernia
1360 1111 1556 1195 Fidem
1584 1112 1929 1169 catholicam
1969 1118 2267 1172 tentaverit
2305 1136 2645 1190 oppugnare,
2683 1129 2741 1175 et

422 1198 516 1251 qm
580 1198 702 1250 ejus
725 1182 840 1247 filu,
865 1189 922 1235 et
945 1182 984 1237 J
986 1182 1190 1237 acobus
1215 1187 1335 1243 Rex
1359 1182 1607 1238 fecerint.

354 1302 695 1370 Hnmucus
726 1304 964 1389 quidem
993 1306 1064 1371 efl.
1104 1311 1303 1371 mente
1347 1306 1484 1386 fuit,
1529 1312 1600 1371 ut
1627 1306 2003 1375 Cathalinam
2029 1309 2469 1379 catholicorum
2501 1314 2739 1401 Regum

351 1390 534 1456 filiam
564 1390 641 1456 ob
670 1392 875 1457 formae
892 1392 1146 1479 speciem
1163 1399 1563 1479 cognomento
1592 1393 1905 1479 pulchram
1934 1396 2239 1482 pudicitiae
2268 1400 2467 1480 decuS,
2497 1404 2737 1489 pietatis

351 1477 688 1563 exemplum
717 1502 960 1545 uxorem
989 1502 1157 1546 suam
1185 1480 1510 1566 legitimam
1559 1482 1975 1566 repudiaverit,
2007 1492 2323 1572 postquam
2352 1510 2427 1552 ex
2453 1488 2557 1553 illa
2583 1489 2735 1555 filios

349 1564 522 1644 duos,
567 1588 808 1645 marem,
840 1574 902 1632 et
950 1567 1252 1632 foeminam
1304 1566 1585 1632 sustulit:
1633 1575 1694 1632 et
1743 1569 1873 1653 ejus
1918 1569 2050 1635 loco
2096 1573 2319 1638 nefaria
2365 1574 2580 1661 copula
2620 1576 2736 1646 sibi

348 1653 723 1739 conjunxerit
749 1656 990 1720 Annam
1035 1654 1326 1721 Bolenam
1373 1654 1557 1719 filiam
1607 1677 1777 1720 suam
1828 1656 1922 1741 (ut
2014 1659 2241 1743 utatur)
2277 1682 2455 1746 quam
2492 1684 2565 1726 ex
2592 1685 2732 1728 con-

341 1742 492 1826 juge
526 1740 773 1807 Thomae
820 1741 1035 1807 Boleni
1086 1740 1330 1828 peregre
1379 1741 1545 1806 missi
1587 1742 1814 1807 interea
1842 1742 1917 1807 ad
1984 1746 2174 1810 terino
2234 1747 2559 1813 concubitu
2604 1772 2732 1815 sus-

348 1828 576 1914 cepisse
603 1829 899 1894 creditur:
950 1851 1128 1914 quam
1175 1827 1254 1894 ob
1300 1829 1607 1914 ingentem
1633 1828 1980 1909 foeditatem,
2012 1838 2074 1897 et
2101 1832 2436 1919 exemplum
2466 1836 2733 1903 omnium

349 1915 700 1983 saeculorum
727 1918 886 1982 inter
912 1915 1282 1982 Christianos
1329 1914 1581 1980 maxime
1627 1916 1953 1982 execrabile
1980 1941 2017 1982 a
2046 1942 2278 1984 summo
2307 1921 2597 1987 Pontifice
2639 1946 2731 1988 re-

345 2004 702 2157 'stiffi-¹3}
749 2010 818 2155 Εἴ
843 2003 965 2157 Ρὲἶι
1065 2002 2731 2176 3³3?ss‹ffinssssciffiuffiffssmiiaixhssffassfflii

346 2176 654 2244 catholica
701 2142 948 2244 descivit
993 2200 1236 2247 exorsus
1287 2178 1735 2242 sacrosanctam
1779 2177 2003 2244 Christi
2062 2178 2105 2243 J
2106 2204 2213 2246 esu
2262 2182 2611 2267 religionem
2667 2193 2730 2249 et

345 2264 739 2332 orthodoxam
768 2266 947 2331 fidem
995 2267 1061 2331 in
1090 2265 1314 2351 Anglia
1359 2264 1570 2343 delere,
1602 2264 1941 2331 Catholicos
1970 2266 2211 2332 sedibus
2239 2268 2549 2355 expellere,
2595 2291 2726 2356 per-

346 2349 501 2431 dere,
553 2354 898 2431 interficere,
948 2375 1105 2419 nova
1148 2352 1430 2437 dogmata
1475 2352 1773 2432 asciscere,
1828 2361 1889 2417 et
1937 2353 2232 2439 amplecti.
2322 2358 2501 2422 Anno
2556 2359 2728 2423 1534

335 2436 512 2523 jubet
539 2462 603 2503 se
629 2439 890 2504 ecclesiae
919 2448 1116 2527 caput,
1147 2446 1208 2505 et
1236 2438 1576 2525 Principem
1623 2438 1782 2504 intra
1826 2462 1965 2505 suos
1994 2442 2141 2506 fines
2170 2443 2305 2521 coli,
2336 2451 2397 2507 et
2426 2442 2726 2530 subjectos

337 2524 614 2590 homines
641 2527 892 2590 notioris
941 2528 1202 2591 nominis
1251 2526 1405 2611 cogi,
1457 2531 1529 2589 ut
1571 2525 1971 2611 principatum
2017 2528 2207 2614 ipsius
2242 2528 2727 2596 Ecclesiasticum

329 2610 725 2696 jurejurando
782 2613 1132 2677 confirment
1194 2613 1216 2698 (
1259 2610 1719 2678 uemadmodum
1805 2612 2049 2677 clientes
2138 2614 2331 2681 solent
2388 2618 2725 2703 principum

335 2718 590 2762 suorum
619 2696 950 2763 dominium
966 2636 1290 2785 temporfie
1315 2698 1584 2783 praestito
1607 2696 1947 2782 juramento
1975 2699 2168 2781 fateri)
2200 2708 2378 2786 atque
2406 2712 2723 2769 renuentes

335 2806 652 2850 assensum
718 2783 980 2870 praebere
1021 2785 1392 2871 Episcopum
1440 2784 1815 2863 Rossensem,
1884 2785 2177 2852 'rhomam
2249 2788 2513 2870 Morum,
2573 2790 2719 2857 Car-

333 2870 649 2936 thusianos
698 2870 1026 2957 religiosos,
1075 2878 1137 2937 et
1185 2871 1332 2936 alios
1383 2891 1616 2935 summo
1663 2870 1955 2957 supplicio
2005 2872 2177 2953 affici,
2225 2875 2355 2940 aliis
2382 2867 2598 2961 Anglis
2626 2878 2723 2943 vel

337 2956 819 3110 assentientgbus,
852 2958 1250 3111 veldsegnitcr
1277 2955 1693 3108 repitentibus,
1723 2956 1819 3022 vel
1846 2958 2235 3045 fugientibuS,
2266 2962 2333 3027 in
2359 2962 2583 3049 Angli&
2609 2962 2719 3031 Ga-

333 3044 584 3203 thtilllucss
603 3045 750 3197 {eleg
773 3046 1512 3198 fflffieffitliighualllrud
1557 3131 1657 3217 jus
1684 3131 1915 3231 habuit,
1940 3132 2121 3218 quam
2150 3136 2311 3219 quod
2340 3136 2495 3201 sedis
2520 3137 2717 3226 Apos-

333 3216 530 3283 tolicae
577 3218 806 3285 tributo
857 3219 1191 3306 colligendo
1242 3225 1479 3285 exactor
1533 3218 1648 3301 vel,
1695 3226 1768 3283 ut
1815 3219 1917 3285 ahi
1967 3219 2196 3301 volunt,
2242 3222 2491 3290 Domini
2537 3226 2715 3293 titulo

333 3302 594 3370 Iberniae
651 3306 970 3391 praefeetus
1026 3312 1152 3372 erat
1210 3330 1246 3371 a
1301 3305 1595 3371 Pontifice
1652 3328 1906 3386 summo,
1960 3308 2063 3393 jus
2106 3332 2329 3375 novum
2378 3334 2717 3399 comparare

333 3413 590 3545 ⁸153}
610 3392 1955 3567 {ffi‘ssffeffigssffcfiffissffiissssffiffi„3233ss
1974 3396 2716 3571 ffflssfflieffffitffl

331 3566 533 3650 ipsum
561 3568 947 3633 transferrent
972 3531 1097 3653 ’per
1146 3568 1444 3653 quandam
1465 3530 1921 3651 ’imaginariam,
1954 3574 2015 3633 et
2042 3570 2501 3637 conditionalem
2532 3572 2712 3640 dona·

331 3652 562 3717 tionem
590 3675 768 3737 quam
819 3656 1092 3740 superius
1143 3654 1451 3732 declaravi,
1483 3662 1544 3717 et
1591 3654 1691 3718 hic
1738 3656 1919 3720 etiam
1963 3666 2225 3739 repetere
2274 3657 2460 3724 libet:
2492 3681 2561 3723 ea
2596 3660 2713 3725 fuit

329 3738 695 3824 hujusmodi.
785 3740 928 3805 Duo
973 3740 1063 3805 illi
1089 3763 1356 3827 proceres
1386 3764 1422 3804 a
1448 3762 1589 3824 rege
1634 3742 1828 3825 rogati
1871 3762 1967 3804 res
2008 3764 2147 3806 suas
2189 3765 2413 3823 omnes,
2459 3746 2713 3811 maxime

331 3824 464 3903 soh‘,
495 3826 582 3891 illi
613 3826 933 3906 donssrunt,
962 3828 1314 3912 interposita
1358 3824 1538 3891 tacite
1588 3828 1659 3890 ea
1707 3825 2066 3905 conditione,
2097 3835 2177 3907 et,
2206 3828 2359 3914 lege,
2387 3838 2457 3895 ut
2509 3833 2711 3899 statim

329 3914 462 3977 sine
491 3912 888 3981 diminutione
915 3914 1028 3979 sibi
1057 3912 1509 3979 redderentur.*
1595 3912 1724 3976 Rex
1753 3912 2151 3978 conditionem
2204 3918 2497 4003 accipiens
2528 3918 2709 3985 dona-

327 3998 564 4067 toribus
609 4022 816 4065 rursus
865 4022 961 4065 res
1010 4000 1287 4079 restituit,
1349 4006 1615 4064 statuens
1672 4021 1809 4063 cum
1868 4000 2065 4064 animo
2124 4024 2233 4068 suo
2280 4004 2427 4069 utile
2470 4006 2709 4071 tantum

327 4086 680 4166 dominium,
710 4087 808 4152 vel
833 4109 1010 4152 usum
1038 4086 1300 4151 fructum
1329 4086 1511 4151 fuisse
1536 4084 1857 4164 redditum,
1882 4086 2172 4153 directum
2190 4090 2327 4155 verb
2358 4090 2709 4173 dominium,

325 4180 506 4261 atque
533 4174 621 4240 ita
653 4176 741 4240 'us
769 4174 847 4240 ad
873 4174 1102 4285 regium
1134 4179 1383 4239 stemma
1412 4172 1668 4238 Iberniae
1694 4195 1877 4259 penes
1905 4197 1969 4239 se
1994 4177 2362 4243 remansisse.

415 4260 536 4325 Sed
586 4198 850 4348 M'agnus
897 4260 956 4326 Ο
974 4260 1309 4325 Donnellus
1357 4259 1704 4325 Tirconellae
1761 4260 2048 4349 Princeps
2105 4272 2368 4342 vocatuS,
2426 4272 2497 4331 ut
2552 4264 2709 4333 hanc

323 4346 706 4413 donationem
733 4348 971 4427 faceret,
1003 4348 1230 4433 Regem
1274 4348 1340 4412 in
1389 4346 1673 4432 Angliam
1719 4348 1882 4413 adire
1912 4350 2168 4429 noluit,†
2200 4373 2375 4436 quem
2423 4352 2523 4417 alii
2550 4353 2707 4439 opti·

325 4442 518 4501 mates
543 4436 762 4501 imitati
790 4442 951 4501 sunt.
1039 4434 1337 4500 Caeterum
1377 4433 1712 4499 Richardus
1765 4434 2178 4501 Stanihurstus
2206 4438 2271 4502 in
2306 4438 2412 4503 illa
2438 4439 2707 4521 historia,

395 4567 562 4624 'The
586 4576 697 4623 two
735 4568 802 4624 of
831 4570 1011 4624 whom
1046 4568 1156 4624 this
1193 4568 1390 4640 legend
1423 4568 1470 4621 is
1508 4568 1632 4621 told
1670 4584 1766 4621 are
1801 4569 2063 4641 probably
2091 4570 2289 4627 O’Neil
2312 4573 2419 4627 and
2447 4573 2709 4632 O'Brian.

325 4640 480 4695 Both
497 4658 641 4694 were
659 4642 882 4695 created
899 4640 1066 4695 Earls
1079 4641 1150 4713 by
1171 4638 1365 4712 Hem-y
1385 4638 1570 4705 vl11.,
1587 4639 1681 4692 the
1699 4638 1907 4693 former
1932 4641 1987 4693 in
2008 4644 2163 4706 1542,
2183 4642 2275 4699 the
2294 4644 2460 4699 latter
2478 4646 2533 4699 in
2558 4649 2711 4703 1543.

373 4712 404 4779 †
428 4710 738 4765 O'Donnell
763 4730 834 4765 on
855 4712 950 4766 the
973 4720 1231 4783 contrary
1250 4729 1360 4765 was
1383 4710 1477 4765 the
1501 4717 1645 4764 most
1667 4709 2009 4781 obsequious,
2032 4712 2233 4799 having
2254 4716 2444 4771 united
2466 4717 2598 4771 with
2615 4718 2710 4773 the

327 4780 486 4836 Lord
526 4782 752 4855 Deputy
793 4790 852 4837 to
901 4782 1114 4855 compel
1158 4782 1358 4837 O'Neil
1399 4790 1460 4837 to
1500 4781 1719 4836 submita
1791 4784 2011 4847 Μοσνε,
2046 4786 2154 4839 vol.
2194 4786 2273 4841 iii.
2311 4806 2365 4859 p.
2416 4792 2539 4854 316,
2574 4793 2701 4843 320.

329 4852 714 4909 0¹Donovan’s
736 4852 890 4909 Four
916 4854 1171 4918 Masta-s,
1233 4894 1248 4909 .
1279 4857 1432 4908 1465.
1503 4854 1602 4908 See
1625 4854 1738 4908 also
1763 4851 1893 4907 ibid.
1900 4890 1919 4917 ‚
1980 4874 2033 4926 p.
2068 4861 2220 4923 1463,
2250 4861 2405 4925 1479,
2435 4860 2591 4928 1487,
2613 4858 2703 4915 for

330 4923 490 4979 other
514 4924 703 4997 proofs
728 4924 792 4980 of
812 4924 1163 4982 O’Donnell's
1185 4872 1486 4997 ili-Iendship
1509 4924 1598 4979 for
1623 4926 1716 4979 the
1741 4872 1997 4997 English.
