3634 5842
350 730 486 777 car.
534 708 714 793 vnn]
1029 730 1110 774 οε
1155 729 1356 773 1³an
1403 728 1766 777 <mmmmm
1815 728 2155 773 Annonem.
2612 694 2735 773 245

353 882 778 949 sexcentesimo
821 881 998 947 tertio
1041 880 1116 945 de
1159 888 1370 967 quarta
1410 880 1612 967 vigilia
1655 903 1926 966 egressus
1967 882 2035 947 in
2078 880 2547 948 Baleburniam*
2596 903 2743 966 pag-

351 992 499 1035 num
545 975 766 1035 sanctae
816 966 1148 1033 Gubenetae
1204 968 1480 1054 praesidio
1536 967 1821 1033 celebrem
1890 975 2026 1034 ante
2086 968 2395 1049 meridiem
2450 969 2741 1053 pervenit.

353 1056 481 1123 Ubi
523 1056 764 1135 milites,
809 1076 942 1139 quoe
986 1056 1236 1140 quisque
1287 1062 1425 1143 vota
1469 1061 1867 1140 susceperant,
1912 1055 2143 1134 solutis,
2187 1077 2341 1121 nova
2369 1059 2739 1139 nuncupant,

354 1143 628 1229 donaque
655 1142 930 1218 offerunt,
959 1140 1102 1207 felix
1122 1143 1236 1207 iter
1262 1142 1480 1207 Divam
1507 1148 1837 1228 precantes.
1882 1142 2057 1215 Quos
2088 1143 2229 1207 inde
2258 1142 2555 1227 profectos
2585 1141 2743 1207 Tha-

285 1290 292 1299 .
353 1230 468 1295 doei
495 1228 638 1295 Mac
666 1228 904 1295 Carrhae
929 1228 1037 1293 filii
1065 1228 1395 1295 accolarum
1423 1250 1606 1293 manu
1657 1228 1903 1295 collecta
1929 1230 2346 1314 insequuntur,
2374 1228 2619 1293 ultimos
2648 1249 2745 1293 or·

343 1316 518 1382 dines
541 1315 864 1381 missilibus
892 1323 1215 1401 carpentes,
1235 1315 1618 1402 propulsique
1645 1315 1722 1379 ab
1751 1313 2151 1381 O’Sullevano
2170 1314 2277 1380 alis
2293 1314 2743 1403 fulminatorum

341 1404 582 1482 iterum,
631 1409 811 1501 atque
859 1401 1075 1467 iterum
1127 1402 1340 1467 reversi
1392 1401 1733 1467 velitantur.
1824 1402 1964 1473 Quo
1995 1424 2210 1487 genere
2237 1423 2459 1487 pugnae
2488 1407 2745 1485 quatuor

343 1491 520 1557 horas
567 1496 940 1554 continenter
989 1488 1322 1568 dimicatur,
1373 1487 1681 1554 nonnullis
1725 1489 2006 1573 utrinque
2034 1489 2379 1553 vulneratis.
2465 1488 2745 1574 Denique

324 1586 480 1643 ‘cum
514 1577 639 1642 acie
667 1576 942 1641 universa
969 1575 1404 1641 O'Sullevanus
1451 1574 1720 1640 faciendo
1748 1577 2061 1661 impetum,
2090 1574 2530 1659 nonnullosque
2558 1575 2745 1639 inter·

343 1663 602 1729 ficiendo
631 1662 862 1727 hostem
891 1663 1084 1747 fugat.
1171 1663 1256 1727 Et
1281 1661 1496 1747 viginti
1525 1670 1782 1748 quatuor
1820 1662 2081 1727 millium
2129 1684 2414 1749 passuum
2445 1661 2643 1747 spacio
2672 1684 2745 1726 eo

345 1750 445 1817 die
471 1756 772 1815 transacto
799 1750 865 1814 in
894 1748 1266 1821 O'Kimbhi†
1309 1748 1551 1834 popule,
1580 1750 1919 1835 vespertino
1936 1749 2283 1834 crepusculo
2310 1749 2522 1813 statuit
2550 1746 2747 1813 taber-

343 1835 578 1903 nacula.
665 1836 953 1901 Excubiis
997 1835 1298 1921 dispositis
1343 1856 1589 1921 corpora
1615 1836 1716 1901 via
1740 1836 1989 1921 fatigata
2018 1834 2235 1900 milites
2263 1835 2449 1921 quieti
2476 1834 2743 1900 tradunt.

349 1922 522 1995 Quos
574 1922 788 1989 accolae
837 1928 1076 1989 noctem
1123 1928 1314 1988 totam
1361 1921 1706 2007 ejaculando
1749 1924 1939 2007 magis
1961 1922 2257 2001 molestia,
2288 1937 2467 2007 quam
2497 1920 2743 1987 vulnere

347 2010 634 2077 afficiunt.
723 2008 934 2075 Fames
985 2030 1222 2095 quoque
1267 2008 1644 2074 vehementer
1683 2017 1959 2086 macerat,
1990 2010 2131 2095 quia
2157 2017 2289 2074 toto
2319 2009 2417 2073 die
2443 2008 2594 2073 nihil
2624 2007 2721 2073 cib

347 2103 646 2183 ceperant,
695 2102 1052 2175 commeatu,
1099 2118 1276 2181 quem
1327 2098 1396 2161 in
1443 2117 1636 2161 unum
1675 2103 1913 2162 tantum
1965 2096 2125 2162 diem
2171 2100 2568 2183 portaverant,
2598 2118 2743 2161 con-

351 2206 488 2250 sum
531 2191 618 2249 tc.

435 2207 732 2355 quuente
779 2268 916 2335 luce
961 2267 1394 2335 O’Sullevanus
1445 2268 1695 2335 militem
1745 2292 1852 2356 per
1900 2269 2069 2335 vallis
2131 2269 2174 2334 J
2176 2292 2415 2335 uncosae
2484 2268 2745 2335 radicem

345 2356 758 2422 Lomnacnam
783 2378 989 2421 versus
1017 2354 1227 2421 urbem
1257 2362 1472 2434 movet,
1505 2356 1627 2441 qua
1652 2378 1779 2423 non
1827 2357 2035 2443 procul
2080 2356 2154 2423 ab
2205 2356 2417 2422 itinere
2463 2362 2587 2421 erat
2615 2358 2746 2421 An-

391 2444 588 2509 lorum
606 2442 948 2529 praesidium
965 2442 1244 2528 proefecto
1261 2442 1456 2521 Ouffo,
1478 2465 1618 2507 cum
1646 2466 1785 2527 quc,
1805 2453 1868 2508 et
1889 2443 2291 2509 subiectorum
2318 2452 2522 2509 coacta
2540 2466 2743 2521 manu,

347 2466 551 2595 {arrii
575 2529 936 2595 vicecomitis
962 2549 1150 2613 nepos
1179 2529 1396 2595 vadum
1437 2530 1698 2594 fluminis
1741 2530 2141 2595 O’Sullevano
2189 2529 2619 2595 transeundum
2646 2552 2747 2595 oc-

349 2623 554 2769 gupat.
569 2708 598 2765 t
637 2614 734 2680 De
762 2614 914 2765 vssdo
943 2614 1418 2765 ulukgucffiltlrsbpue
1465 2614 1676 2765 lingum
1725 2617 1959 2681 circiter
2004 2638 2187 2766 uetffipi
2240 2614 2499 2766 globulis
2539 2616 2749 2701 ignitis

393 2724 570 2767 muca
599 2722 690 2765 ur.
839 2722 1037 2765 emum
1327 2722 1504 2767 ocum
1583 2722 1825 2780 eset-ere,
1858 2725 1987 2767 com
2156 2723 2249 2766 ur.
2374 2725 2417 2766 n
2446 2725 2515 2767 ea
2584 2724 2625 2765 u

349 2812 428 2853 ex
479 2787 801 2853 Catholicis
847 2786 1187 2852 ceciderunt
1282 2793 1533 2865 uatuor;
1606 2789 1753 2872 regii
1804 2726 2031 2874 pluresp
2056 2786 2518 2866 succubuerunt,
2542 2724 2749 2853 pmgllng

348 2874 700 2940 vulneribus
727 2880 871 2938 sunt
899 2872 1110 2951 affecti,
1141 2879 1202 2939 et
1237 2808 1430 2939 qlures
1479 2874 1677 2938 forsan
1725 2876 2003 2959 perirent,
2057 2875 2326 2959 quamvis
2370 2874 2592 2939 fuerint
2634 2898 2747 2940 nu-

344 2983 516 3028 mero
533 2961 884 3047 superiores,
909 2960 1025 3025 nisi
1054 2896 1376 3026 Catholicis
1405 2959 1687 3040 obstaret,
1717 2984 1794 3026 ne
1824 2984 1925 3026 eos
1954 2962 2083 3026 inse
2123 2968 2409 3026 uerentur
2436 2960 2653 3039 inedia,
2685 2969 2749 3026 et

347 3049 663 3115 lassitudo.
749 3046 1042 3113 Catholici
1092 3046 1216 3112 suis
1265 3048 1518 3113 mortuis
1566 3047 1812 3134 sepultis
1858 3049 2087 3114 saucios
2138 3048 2338 3113 ecticis
2386 3047 2747 3113 militaribus

350 3136 598 3203 alternis
627 3133 856 3200 vicibus
883 3141 1188 3221 portantes
1217 3157 1289 3200 eo
1333 3134 1430 3200 die
1459 3136 1706 3222 triginta
1745 3134 2010 3201 millibus
2038 3156 2325 3223 passuum
2343 3135 2458 3201 iter
2484 3135 2657 3201 factis
2679 3136 2746 3201 in

347 3224 486 3289 loco
514 3222 698 3301 inani,
729 3228 789 3287 et
818 3222 1065 3308 ingente
1109 3221 1430 3287 solitudine
1458 3230 1625 3289 vasto
1646 3224 1823 3309 juxta
1865 3222 2141 3304 Aharlaess
2174 3222 2367 3309 sylvas
2392 3222 2749 3309 intempesta

349 3317 532 3378 nocte
576 3315 814 3395 ponunt
863 3310 1096 3389 stativa,
1145 3332 1268 3395 prae
1306 3310 1480 3389 fame,
1530 3310 1902 3389 lassitudine,
1947 3332 2157 3375 somno
2186 3310 2417 3396 vigilias
2446 3332 2620 3395 agere
2646 3311 2749 3375 vix

349 3397 736 3462 sustinentes.
827 3395 1188 3482 Insequente
1217 3396 1332 3477 die,
1363 3418 1502 3463 cum
1549 3421 1610 3464 se
1655 3395 2077 3483 leguminibuS,
2108 3404 2169 3463 et
2190 3420 2344 3483 aqua
2384 3396 2747 3475 refecissent,

349 3490 495 3549 ante
517 3483 658 3549 solis
687 3489 886 3548 ortum
914 3490 1076 3548 recto
1105 3482 1317 3549 itinere
1344 3484 1622 3550 tendunt.
1713 3484 1903 3549 Solito
1918 3506 2083 3549 more
2102 3484 2311 3550 incolae
2326 3484 2746 3569 insequuntur,

348 3568 683 3648 Gibbones,
715 3569 934 3654 equitis
976 3570 1191 3635 Aurati
1217 3569 1362 3635 Albi
1390 3571 1653 3651 obaerati,
1682 3570 2045 3636 Lomnachae
2082 3569 2248 3636 urbis
2276 3570 2509 3649 accolae,
2561 3570 2749 3655 Angli

345 3658 550 3745 pauci,
593 3678 842 3721 numero
896 3655 1138 3741 quidem
1221 3656 1400 3736 lures,
1429 3658 1515 3723 rei
1544 3667 1746 3723 tamen
1787 3656 2061 3722 militaris
2104 3658 2306 3721 minus
2345 3656 2592 3742 experti,
2622 3678 2747 3721 non

347 3744 502 3825 acie,
531 3742 636 3807 sed
663 3741 931 3806 tumultu
951 3749 1167 3808 conten
1212 3750 1396 3808 entes,
1441 3745 1668 3809 Tamen
1697 3744 1997 3823 audacter,
2029 3749 2089 3808 et
2116 3742 2389 3808 ferociter
2416 3743 2749 3829 confligunt

345 3831 416 3897 in
447 3830 634 3915 priuS,
665 3835 727 3892 et
755 3829 1046 3912 posterius
1097 3852 1330 3914 agmen,
1379 3836 1440 3895 et
1489 3830 1931 3917 impedimenta,
1979 3852 2113 3914 quae
2156 3829 2351 3895 media
2400 3827 2747 3915 agebantur,

347 3915 538 3983 simul
586 3914 1030 4000 impressionem
1081 3915 1382 3980 facientes,
1491 3918 1720 3982 Feri-eis
1769 3915 2085 4001 catapultis
2132 3918 2413 4002 utrinque
2470 3922 2747 3982 certatur.

344 4005 506 4070 Tam
556 4001 724 4066 densi
754 4000 1132 4086 globulorum
1173 4002 1392 4067 imbres
1435 4004 1893 4089 circumquaque
1922 4002 2191 4082 volitant,
2223 4014 2293 4069 ut
2331 4003 2750 4084 O'SullevanO,

429 4226 455 4251 ⁸
495 4222 920 4295 Ballyvourney,
945 4240 980 4277 a
1007 4221 1180 4294 valley
1225 4222 1304 4275 six
1345 4223 1500 4277 miles
1542 4232 1677 4278 vest
1717 4223 1785 4277 of
1812 4224 2117 4279 Macroom.
2194 4223 2316 4280 The
2343 4226 2493 4281 Fonr
2518 4224 2754 4279 Masters

353 4296 519 4350 make
543 4295 656 4348 this
677 4294 774 4349 the
796 4294 916 4347 first
941 4293 993 4347 n‘
1035 4294 1142 4348 ht's
1167 4293 1301 4356 halt,
1324 4312 1378 4365 p.
1407 4298 1568 4349 2313.

425 4368 460 4432 †
501 4365 726 4439 Barony
753 4365 819 4420 of
847 4364 1015 4418 Duha
1035 4365 1157 4419 low.

428 4439 462 4505 :t
503 4435 627 4491 The
639 4437 814 4491 battle
826 4436 960 4490 with
978 4437 1072 4490 the
1095 4436 1318 4491 Bai-ries
1343 4454 1450 4490 was
1473 4436 1688 4508 fought,
1714 4436 2012 4507 according
2036 4442 2095 4489 to
2120 4435 2213 4489 the
2242 4436 2449 4490 Pacata
2474 4438 2749 4503 Hibernia,

351 4526 410 4579 p.
445 4510 570 4569 658,
597 4526 730 4563 near
755 4507 1072 4561 Liscarroll.
1150 4506 1208 4561 It
1231 4507 1276 4560 is
1299 4516 1398 4561 not
1456 4507 1683 4561 robable
1707 4506 1847 4567 that,
1873 4506 2017 4559 after
2041 4506 2173 4559 such
2200 4525 2233 4559 a
2254 4516 2486 4571 contest,
2516 4507 2749 4563 O'Sulli·

349 4596 462 4631 van
489 4580 652 4633 could
675 4579 861 4633 march
887 4579 980 4632 the
1021 4596 1168 4633 same
1191 4578 1296 4651 day
1318 4595 1380 4631 so
1441 4596 1505 4631 ar
1546 4596 1606 4632 as
1639 4576 1899 4631 Aharlow
1924 4577 2099 4637 wood,
2126 4577 2301 4631 which
2341 4596 2450 4632 was
2487 4597 2617 4632 near
2654 4580 2750 4634 the

351 4659 508 4704 town
534 4649 594 4703 of
629 4650 951 4722 Tipperary.
1025 4649 1146 4705 The
1173 4650 1322 4703 Fom-
1334 4651 1580 4704 Manem
1602 4655 1744 4701 state
1783 4646 1908 4700 that
1950 4647 2045 4700 the
2067 4647 2171 4701 end
2204 4648 2271 4701 of
2298 4650 2392 4703 the
2418 4649 2567 4703 third
2604 4652 2751 4723 day's

351 4720 552 4844 &gi-§h
592 4739 701 4775 was
743 4722 1100 4793 Ardpatrick,
1140 4721 1199 4775 in
1241 4720 1336 4775 the
1375 4720 1583 4792 barony
1607 4718 1674 4773 of
1703 4717 1955 4781 Goshlea,
1988 4726 2189 4791 county
2228 4720 2293 4773 os
2322 4720 2748 4795 Limerick.—p.
