3634 5842
873 729 998 793 260
1261 725 1678 789 o'suunvam
1723 742 2041 789 ms'ronm
2086 742 2478 801 0118018081,
2508 741 2658 787 rou.
2705 741 2811 787 111.
2908 722 3065 805 [m.
3108 740 3259 785 vm.

873 907 934 966 et
975 897 1302 975 navalibus,
1332 902 1506 976 terra,
1565 896 1831 981 marique
1882 896 2033 961 duos
2093 918 2294 961 mense
2350 896 2711 981 quotidianis
2760 894 3259 961 decertationibus

875 987 1174 1051 dimicant.
1265 984 1403 1055 Qua
1433 983 1812 1049 contentione
1870 984 2067 1071 plures
2126 982 2587 1063 Carolianarum,
2617 1004 2794 1068 quam
2824 982 3257 1049 Corcachormn

873 1072 1186 1139 desiderati
1215 1072 1506 1149 feruntur,
1537 1068 1641 1135 sed
1668 1071 1909 1157 utrique
1936 1070 2176 1156 pauci*
2249 1070 2403 1135 Cum
2431 1070 2693 1137 Bluntus
2721 1070 3099 1156 pervenisset,
3130 1071 3257 1155 ejus

873 1159 1117 1226 arbitrio
1146 1157 1432 1223 Corcachi
1461 1180 1588 1222 sese
1615 1159 2009 1241 permiserunt
2028 1156 2101 1222 de
2118 1178 2273 1223 novo
2302 1179 2442 1243 rege
2470 1158 2747 1223 certiores
2776 1157 2936 1221 facti.
2996 1156 3259 1222 Bluntus

871 1245 977 1312 ubi
1006 1247 1122 1311 fuit
1151 1243 1438 1331 oppidum
1463 1244 1786 1329 ingressus,
1814 1251 1935 1309 tres
1965 1243 2201 1330 publice
2244 1244 2545 1329 suspendi,
2573 1245 2653 1310 im
2661 1250 2843 1329 perat,
2871 1242 3255 1329 christopho-

869 1356 1006 1399 rum
1035 1332 1434 1409 Muriachum,
1467 1332 1659 1395 virum
1687 1332 1773 1395 rei
1801 1330 2069 1395 militaris
2098 1330 2339 1395 scientia
2379 1330 2712 1415 praeditum,
2744 1330 2907 1416 quod
2934 1330 3257 1396 Carolianis

873 1419 1164 1487 militibus
1191 1442 1318 1483 1108
1345 1418 1463 1483 levi
1491 1417 1849 1483 detrimento
1892 1418 2090 1497 fuerit,
2120 1416 2216 1481 Eu
2260 1416 2459 1481 enium
2488 1418 2720 1482 Latinae
2748 1418 2971 1502 linguae
2998 1438 3253 1503 praecep·

872 1514 1082 1586 torem,
1116 1506 1279 1591 quod
1307 1527 1445 1570 cum
1473 1504 1748 1569 Christus
1776 1504 2075 1570 Dominus
2112 1504 2180 1568 in
2262 1503 2599 1570 ucharistiae
2645 1511 3016 1569 sacrosancto
3068 1528 3255 1569 sacra·

871 1602 1076 1659 mento
1105 1615 1210 1679 per
1238 1591 1404 1657 urbis
1435 1593 1594 1656 vicos
1623 1614 1839 1677 magna
1880 1592 2068 1656 totius
2096 1613 2133 1655 0
2176 1590 2298 1676 pidi
2342 1613 2578 1677 pompa,
2608 1597 2668 1655 81
2694 1590 3026 1656 incredibili
3052 1590 3259 1657 laetitia

872 1688 1220 1767 gestaretur,
1250 1680 1317 1744 in
1345 1679 1556 1744 caelum
1603 1679 1929 1765 suspiciens
1979 1679 2139 1743 mani
2183 1700 2254 1743 88
2295 1680 2567 1763 8111188818
2624 1677 2823 1742 Deum
2869 1679 3139 1759 oraverit,
3184 1702 3261 1745 118

871 1790 1136 1852 unquam
1195 1767 1432 1845 sineret,
1462 1765 1776 1830 Corcachae
1811 1764 2070 1830 invalere
2127 1787 2257 1830 eam
2314 1764 2661 1851 potentiam,
2694 1787 2827 1850 quae
2876 1788 3100 1829 morem
3136 1774 3262 1832 tam

871 1853 1140 1933 faelicem,
1165 1860 1457 1929 sanctum,
1487 1851 1875 1937 divinumque
1933 1852 2197 1930 violaret,
2258 1859 2319 1916 et
2378 1851 2743 1917 Gulielmum
2786 1851 3073 1916 Bulerum
3102 1854 3264 1938 quod

870 1941 1190 2006 Dominico
1214 1938 1512 2004 Sarfeeldo
1531 1938 1720 2024 judici
1737 1939 1967 2004 homini
1983 1938 2158 2024 plane
2174 1938 2675 2004 truculentissimo
2698 1939 2843 2003 vitio
2860 1940 3101 2003 verterit
3126 1962 3259 2006 crn-

871 2027 1192 2105 delitatem,
1225 2049 1344 2111 (188
1373 2026 1724 2105 sacerdotes,
1755 2034 1816 2090 et
1846 2032 2100 2104 sanctos,
2131 2033 2307 2111 atque
2336 2026 2681 2091 innocentes
2710 2026 2867 2090 viros
2896 2026 3090 2113 capite
3118 2027 3255 2093 soli·

865 2120 968 2178 tus
996 2126 1122 2179 erat
1150 2113 1446 2177 damnare.
1535 2112 1690 2177 Inde
1747 2119 2021 2183 motuum
2078 2113 2355 2176 authores
2411 2112 2680 2197 inquirit,
2710 2111 2784 2177 de
2824 2112 3254 2181 honestissimis

867 2199 1200 2286 quibusque
1257 2198 1484 2263 civibus
1541 2198 1931 2277 acerbissime,
1991 2197 2508 2285 crudelissimeque
2566 2198 2925 2279 decreturus,
2978 2200 3096 2265 nisi
3164 2201 3253 2271 illi

865 2288 1046 2351 unius
1097 2284 1383 2350 Gulielmi
1429 2284 1669 2350 Meachi
1721 2286 2173 2371 magnanimitas
2224 2284 2567 2351 obstitisset.
2658 2286 2782 2357 Qui
2830 2287 3020 2372 magis
3047 2288 3253 2355 volens

863 2394 1055 2437 unum
1083 2396 1148 2437 se
1176 2394 1284 2457 pro
1314 2371 1544 2437 civibus
1571 2371 1851 2437 omnibus
1880 2374 2047 2451 mori,
2080 2394 2257 2455 quam
2284 2394 2406 2437 una
2448 2394 2586 2438 cum
2614 2373 2903 2438 universis
2930 2374 3141 2459 perire,
3186 2400 3253 2442 se

861 2459 1200 2525 rebellionis
1229 2481 1420 2525 unum
1467 2458 1652 2523 fuisse
1701 2480 2116 2545 persuasorum
2144 2459 2606 2544 principemque,
2640 2460 2744 2543 qui
2772 2466 3015 2526 caeteros
3044 2484 3249 2529 omnes

859 2548 1134 2625 moverit,
1164 2552 1226 2610 et
1254 2545 1573 2631 impulerit,
1605 2548 1933 2633 profitetur.
1980 2546 2181 2617 Quam
2208 2544 2285 2610 ob
2315 2547 2805 2611 asseverationem
2846 2548 2912 2613 in
2938 2570 3247 2632 carcerem,

861 2641 923 2698 et
968 2633 1205 2699 vincula
1250 2633 1571 2718 conjectus,
1624 2633 1675 2698 si
1727 2632 2123 2697 dimitteretur
2169 2631 2496 2712 absolutus,
2546 2632 2903 2699 videbantur
2945 2642 3006 2699 et
3034 2636 3247 2723 reliqui

863 2740 1105 2807 quoque
1150 2719 1326 2805 eulpa
1378 2742 1616 2802 vacare3
1662 2720 1753 2785 sin
1801 2720 2197 2798 damnaretur,
2246 2742 2450 2784 omnes
2502 2720 2629 2806 ejus
2657 2720 2891 2785 consilii
2934 2724 3249 2810 participes

861 2807 1039 2872 simili
1069 2830 1240 2893 paena
1271 2805 1596 2872 coercendi.
1686 2806 1883 2891 Igitur
1905 2806 2292 2892 quaestionem
2315 2807 2471 2871 sicut
2498 2806 2835 2892 Anglorum
2879 2811 3247 2877 consuetudo

858 2894 994 2971 fert,
1025 2896 1261 2979 cogitur
1289 2893 1506 2972 subire,
1538 2894 1652 2959 hoe
1681 2901 1773 2959 est
1813 2917 1940 2959 sese
1990 2893 2329 2979 permittere
2351 2892 2576 2979 judicio
2624 2894 2937 2961 duodecim
2965 2896 3242 2977 virorum,

861 2981 964 3066 qui
987 2980 1279 3066 judicent,
1311 2987 1464 3045 esset
1493 3003 1570 3045 ne
1599 3003 1732 3045 reus
1761 2982 2043 3059 criminis,
2074 2988 2145 3045 ut
2172 3003 2308 3045 reus
2329 2980 2631 3066 judicatus
2658 2979 2733 3046 ad
2764 2982 3007 3068 Anglici
3026 2984 3245 3068 judicis

859 3066 1171 3132 arbitrium
1201 3065 1492 3152 supplicio
1518 3067 1864 3145 afficeretur,
1896 3065 2393 3152 quemadmodum
2424 3068 2695 3153 superius
2722 3068 2853 3134 fuse
2883 3069 3245 3136 demonstra-

857 3160 990 3217 tum
1020 3160 1129 3217 est.
1160 3152 1494 3218 Gulielmus
1525 3154 1744 3218 civium
1793 3175 2036 3218 suorum
2088 3154 2295 3218 virtuti
2344 3153 2570 3219 diffisus
2599 3153 2909 3221 duodecim
2940 3156 3245 3224 Ibernicos

858 3239 1106 3325 equites,
1139 3262 1391 3323 quorum
1425 3238 1698 3304 nonnulli
1719 3261 1856 3305 cum
1887 3238 2283 3305 O'Sullevano
2311 3239 2752 3307 catholicorum
2822 3250 2975 3308 artes
3003 3245 3245 3310 fuerunt

857 3327 1064 3403 secuti,
1099 3326 1171 3391 ad
1196 3326 1296 3411 jus
1327 3325 1400 3389 de
1429 3347 1539 3391 suo
1569 3327 1761 3411 capite
1789 3324 2108 3391 dicendum
2138 3326 2335 3413 elegit.
2426 3327 2545 3393 Sed
2573 3335 2634 3393 et
2659 3329 2771 3394 illu
2839 3330 2937 3394 hie
2964 3332 3245 3398 memoria

853 3412 1243 3497 repetendum
1272 3419 1381 3492 est,
1403 3414 1562 3477 viros
1592 3412 1925 3493 duodecim,
1956 3415 2007 3480 si
2034 3435 2203 3479 reum
2220 3420 2425 3479 contra
2439 3414 2658 3501 judicis
2676 3417 2775 3481 An
2816 3414 2862 3480 li
2876 3414 3243 3484 voluntatem

854 3498 1182 3579 absolvant,
1233 3522 1406 3586 paena
1453 3499 1662 3565 saltem
1710 3500 2049 3585 pecuniaria
2094 3500 2481 3586 repetendum
2532 3524 2687 3589 saepe
2743 3525 2784 3589 p
2807 3505 2940 3569 eeti.
3056 3504 3245 3593 Cujus

853 3586 1092 3651 mulctae
1121 3594 1317 3651 met-us
1346 3609 1422 3651 ne
1451 3587 1608 3652 viros
1638 3586 1955 3653 duodecim
1976 3588 2014 3652 a
2034 3586 2336 3655 Gulielmo
2352 3586 2656 3654 liberando
2674 3596 2907 3671 terreat,
2936 3589 3240 3673 Comachi,

854 3674 960 3758 qui
987 3695 1156 3738 suam
1207 3674 1458 3739 salutem
1485 3674 1524 3737 a
1552 3673 1837 3739 Gulielmi
1879 3672 2250 3740 absolutione
2296 3674 2551 3761 pendere
2597 3676 2880 3755 sciebant,
2926 3677 3241 3745 duodecim

852 3759 994 3823 viris
1021 3759 1394 3845 pollicentur,
1447 3783 1510 3825 se
1560 3782 1668 3846 pro
1717 3760 1837 3827 illis
1884 3761 2183 3848 soluturos
2232 3784 2408 3827 omne
2456 3786 2558 3842 818,
2589 3785 2709 3848 (1110
2740 3764 2860 3827 8181
2887 3764 3236 3833 mulctandi.

850 3844 1103 3931 Equites
1134 3869 1350 3932 magno
1379 3869 1504 3911 non
1531 3848 1729 3912 solum
1755 3848 2015 3928 mulctae,
2046 3846 2151 3913 sed
2178 3848 2358 3913 etiam
2376 3848 2513 3913 vitae
2542 3848 2805 3935 periculo
2835 3872 3001 3915 reum
3022 3853 3235 3920 audac-

849 3940 959 4013 ter,
992 3942 1052 3998 et
1076 3933 1372 4020 intrepide
1389 3932 1725 4001 absolvunt.
1815 3934 1948 4021 Ipsi
1976 3935 2117 4001 vero
2144 3956 2269 3999 non
2296 3934 2607 4001 mediocris
2626 3958 2871 4001 summae
2888 3940 3239 4021 pecuniariae

851 4019 1226 4099 damnantur,
1280 4040 1537 4105 cumque
1565 4020 1853 4087 Oorcachi
1904 4043 2179 4087 nummos
2228 4044 2351 4087 non
2378 4022 2793 4103 reddidissent,
2824 4026 3091 4108 equitum
3136 4027 3237 4093 alii

847 4107 980 4171 aeris
1011 4107 1396 4172 multitudine
1425 4114 1568 4172 sunt
1597 4108 1671 4173 ad
1701 4110 2043 4195 pauperiem
2059 4108 2299 4189 redacti,
2318 4108 2436 4188 alii,
2457 4112 2563 4195 qui
2583 4133 2706 4176 non
2736 4119 2902 4175 erant
2930 4112 3231 4195 solvend0‚

847 4200 1074 4259 exteras
1103 4202 1311 4280 gentes
1339 4200 1573 4279 petunt.
1663 4194 2001 4261 Gulielmus
2044 4216 2281 4281 quoque
2321 4218 2551 4261 carcere
2594 4197 2871 4263 dimissus
2916 4198 2981 4263 in
3013 4200 3129 4267 His
3172 4224 3231 4267 a·

845 4279 1007 4346 niam
1035 4303 1099 4345 se
1128 4280 1400 4361 contulit,
1447 4280 1551 4346 ubi
1604 4282 1997 4369 quadraginta
2036 4284 2297 4349 nummis
2326 4284 2515 4349 aureis
2544 4284 2863 4351 menstruis
2890 4285 2929 4348 a
2954 4306 3093 4373 rege
3208 4330 3230 4343 -

847 4364 1066 4439 tholico
1097 4366 1350 4433 donatus
1379 4369 1648 4433 moritur.

917 4581 942 4607 ⁸
981 4580 1176 4651 Smyth
1197 4598 1308 4635 saw
1331 4580 1388 4635 in
1412 4581 1506 4635 the
1543 4580 1712 4634 castle
1734 4579 1800 4634 of
1828 4580 2079 4637 Lismore
2104 4600 2138 4637 a
2162 4580 2282 4639 MS.
2312 4589 2561 4648 account,
2586 4582 2655 4654 by
2682 4582 2874 4655 Boyle,
2901 4584 2967 4637 of
2994 4585 3104 4640 this
3141 4605 3231 4643 re-

847 4650 1282 4723 volu—History
1307 4652 1378 4725 of
1402 4652 1673 4715 Corlt,vol.
1703 4652 1760 4705 ii.
1789 4669 1844 4723 p.
1873 4655 1962 4707 95.
