3634 5842
383 713 518 758 cu.
553 693 678 778 nn]
794 713 878 758 ns
907 713 1348 772 nummasio,
1378 711 1622 763 011le
1650 713 2143 760 rnnssourloNIs
2172 711 2464 760 unusne.
2639 693 2758 756 331

383 883 508 923 cum
535 865 732 932 Tobia,
757 873 797 906 f‘
811 864 940 936 quis
959 863 1057 920 filii
1083 871 1398 923 sanctorum
1419 865 1568 928 estis,
1593 870 1652 919 et
1687 864 1858 920 vitam
1896 864 2047 919 illam
2071 865 2390 936 expectatis,
2414 881 2575 939 quam
2612 863 2765 920 Deus

385 937 615 994 daturus
639 944 725 990 est
763 936 866 1004 his,
891 936 982 1008 qui
1025 937 1186 992 fidem
1229 953 1384 995 suam
1425 953 1701 1008 nunquam
1742 943 1960 993 mutant
2001 935 2071 989 ab
2108 936 2226 998 eo,”
2250 945 2305 989 et
2329 953 2453 989 cum
2478 933 2771 1006 Apostolo,

385 1008 532 1078 quod
555 1015 593 1042 “
611 1007 702 1064 hic
725 1025 836 1061 non
857 1007 1070 1066 habetis
1117 1009 1521 1086 permanentem
1545 1007 1843 1070 civitatem.
1870 1008 1967 1062 sed
1989 1007 2233 1060 futuram
2258 1007 2587 1078 inquiritis.”
2660 1005 2767 1060 Oa-

383 1087 631 1148 veteque,
656 1097 724 1132 ne
748 1077 1100 1132 ecclesiastici
1139 1077 1318 1142 simul,
1344 1085 1401 1132 et
1441 1079 1734 1134 soecuiares
1755 1085 1934 1134 ·tanta
1954 1078 2077 1134 oeris
2100 1077 2261 1131 alieni
2286 1077 2636 1132 multitudine
2672 1096 2769 1148 op-

383 1149 557 1220 pressi
579 1149 635 1203 in
659 1149 1007 1212 tremcndum
1029 1149 1138 1203 Dei
1169 1149 1444 1219 judicium
1477 1150 1882 1221 producamini.
1952 1149 2213 1206 Profecto
2234 1149 2283 1202 si
2306 1149 2461 1203 minoe
2485 1148 2769 1203 haeretico-

383 1238 510 1274 rum
531 1221 765 1274 istorum
787 1220 1162 1274 ministrorum
1187 1220 1281 1291 qui
1299 1229 1339 1256 “
1353 1237 1474 1274 cras
1491 1239 1664 1292 usque
1687 1221 1759 1277 sd
1779 1221 2055 1277 infernum
2079 1219 2406 1274 descendent
2428 1221 2499 1274 ad
2522 1219 2771 1278 babitan-

385 1292 518 1347 dum
543 1309 666 1344 cum
683 1292 812 1364 igne
837 1291 1152 1354 devorante,
1174 1309 1300 1346 cum
1338 1290 1629 1346 ardoribus
1675 1291 2037 1363 sempiternis,
2057 1291 2160 1344 nisi
2183 1289 2329 1344 forte
2354 1291 2506 1345 Deus
2531 1291 2626 1344 det
2659 1291 2771 1345 illis

384 1361 754 1434 paenitentiam
791 1362 863 1416 ad
901 1362 1331 1434 cognoscendam
1369 1363 1676 1426 veritatem,
1719 1371 1784 1416 ut
1822 1363 2153 1433 recipiscant
2188 1379 2224 1415 a
2248 1361 2449 1415 diaboli
2473 1361 2699 1432 laqueis,
2736 1381 2773 1416 a

387 1451 495 1505 quo
521 1433 722 1504 captivi
746 1440 1002 1488 tenentur
1024 1433 1096 1487 ad
1119 1432 1238 1504 ejus
1262 1433 1654 1498 voluntatem‚”
1690 1434 1901 1487 efficere
1926 1439 2170 1504 possunt,
2196 1439 2259 1486 ut
2300 1449 2395 1486 vos
2432 1434 2665 1504 pereatis
2703 1434 2773 1487 de

386 1503 582 1629 13³3?
583 1502 1056 1629 ῒὲἑέἲιῖῑῗῗὲἴ
1082 1504 1298 1629 {55¹¹
1305 1503 2493 1637 {zffgfiaffitsssszffzuffl⁸0331‘3333P*’3333
2515 1504 2777 1629 &¹²2⁸sz

743 1594 774 1630 v
1371 1594 1390 1628 ι
2212 1613 2227 1628 .

385 1593 633 1700 τνοῙιιειιξὶῚιι
646 1645 875 1700 ecclesia
896 1593 1190 1716 inquii-rere,
1215 1645 1308 1718 qui
1333 1645 1576 1718 theologi
1599 1645 1809 1700 fuerint
1842 1645 2009 1717 hujus
2030 1646 2445 1717 proscriptionis
2468 1593 2774 1700 asseiisores

389 1717 531 1788 (jam
554 1717 785 1772 forsitan
828 1718 1173 1790 exploratum
1211 1723 1311 1780 est,
1336 1717 1430 1789 qui
1471 1724 1618 1785 sunt,
1662 1735 1931 1788 quamque
1954 1717 2137 1800 cupidi
2162 1717 2499 1787 assentandi)
2526 1734 2628 1789 ego
2663 1733 2775 1770 non

390 1788 600 1852 dubito,
626 1789 756 1859 quin
779 1805 889 1842 non
912 1788 1039 1851 sint,
1062 1787 1118 1840 in
1161 1788 1441 1872 publicum
1483 1787 1758 1860 prodituri
1799 1789 1871 1842 ad
1909 1787 2217 1860 opinionem
2241 1805 2395 1842 suam
2419 1795 2614 1842 contra
2647 1805 2775 1842 con-

389 1860 672 1914 demnatos
693 1859 972 1914 tuendam.
1046 1857 1215 1912 Fant
1255 1858 1430 1922 Deus,
1484 1877 1552 1913 ne
1597 1877 1662 1913 eo
1704 1860 2082 1943 augustiarum
2123 1876 2211 1911 res
2247 1858 2567 1914 deducatur.
2653 1859 2777 1912 Nos

389 1930 608 2001 quidem
634 1929 954 1984 confidimus
979 1930 1046 1983 de
1065 1929 1216 1984 vobis
1241 1928 1576 1985 dilectissimi
1620 1939 1657 1966 “
1675 1931 1923 1993 meliora,
1948 1938 2005 1985 et
2028 1929 2294 1984 viciniora
2316 1929 2531 1995 saluti,”
2555 1928 2775 1984 tametsi

387 2000 469 2054 ita
490 2000 795 2072 loquimur:
833 2000 1078 2072 foreque,
1103 2007 1168 2053 ut
1185 2001 1404 2072 possitis
1427 2001 1524 2057 illa
1546 2002 1707 2056 relati
1743 2002 1979 2074 apostoli
2000 2001 2170 2055 verba
2193 2001 2403 2056 dicere:
2445 2009 2483 2036 “
2503 2000 2641 2064 Quis
2676 2017 2777 2054 nos

389 2071 664 2144 separabit
687 2091 722 2126 a
757 2070 1027 2127 charitate
1054 2071 1261 2126 Christi
1279 2079 1302 2125 Ρ
1377 2071 1690 2127 Tribulatio
1708 2079 1733 2126 Ρ
1804 2075 1899 2127 An
1922 2091 1991 2126 an
2098 2072 2213 2125 tia?
2286 2074 2379 2127 An
2402 2072 2611 2126 fames?
2682 2072 2776 2126 An

388 2143 606 2197 nuditas
623 2149 648 2195 ’ἐ
719 2147 811 2196 An
835 2142 1178 2213 periculum?
1249 2146 1342 2197 An
1365 2144 1674 2215 persecutio
1692 2149 1717 2196 ἲ
1776 2147 1868 2199 An
1890 2143 1950 2215 gl
2024 2143 2107 2196 'us
2123 2143 2183 2194 ’δ”
2251 2141 2363 2196 Hic
2388 2143 2510 2198 Deo
2536 2142 2779 2214 quotidie

387 2212 828 2284 supplicabimus,
852 2231 921 2267 ne
945 2214 1106 2276 sinat,
1149 2220 1215 2267 ut
1255 2231 1352 2268 vos
1391 2215 1451 2268 id
1491 2214 1712 2268 sceleris
1749 2213 2073 2276 admittatis,
2114 2230 2224 2283 quo
2266 2221 2505 2268 vestram
2543 2213 2779 2286 gloriam

387 2292 520 2339 nota
542 2284 791 2348 inuratis,
815 2301 972 2338 suam
999 2283 1404 2356 omnipotentis
1427 2285 1567 2340 iram
1584 2285 1640 2338 in
1665 2303 1762 2338 vos
1784 2284 2133 2338 accendatis:
2168 2285 2537 2356 efficiatisque,
2560 2293 2624 2338 ut
2661 2303 2779 2338 ves-

389 2355 491 2409 tris
513 2355 668 2410 bonis
686 2354 842 2426 justo
861 2355 1074 2425 judicio
1110 2356 1449 2420 avertamini,
1469 2356 1616 2428 quod
1638 2357 1917 2418 authores,
1960 2362 2018 2409 et
2053 2355 2269 2425 judices
2312 2356 2555 2410 existatis
2580 2354 2779 2410 aliena-
2876 2401 2883 2408 .

389 2444 516 2480 rum
555 2426 954 2499 possessionum
994 2425 1392 2497 improbissime
1431 2426 1979 2499 proscribendammz
2017 2443 2137 2498 quae
2173 2427 2417 2499 quamvis
2450 2427 2712 2485 hactenus
2746 2446 2783 2480 s

389 2496 630 2552 Domino
656 2497 816 2552 cultae
838 2496 1057 2550 fructus
1091 2497 1400 2552 uberrimos
1440 2497 1800 2560 reddiderint,
1838 2499 1884 2550 si
1925 2505 2109 2552 tamen
2142 2498 2254 2551 sint
2274 2498 2587 2552 addicenda
2628 2497 2781 2560 fisco,

393 2568 646 2639 deinceps
669 2566 888 2622 haeresis
926 2567 1056 2622 lolio
1097 2568 1322 2623 consitas
1363 2567 1498 2622 celo
1537 2567 1750 2622 steriles
1785 2575 1981 2622 erunt:
2019 2566 2160 2622 Vale
2185 2567 2513 2624 Vallisoleto
2538 2568 2779 2624 Kalend.

391 2638 588 2692 Martii
609 2655 752 2694 anno
774 2638 1001 2693 Domini
1031 2641 1212 2692 1615:

448 2882 551 2948 Ita
577 2879 835 2947 habebat
863 2878 1130 2966 epistola,
1162 2880 1284 2966 qua
1301 2870 1655 2964 proscriptio
1671 2877 2154 2964 improbabatur:
2186 2902 2364 2964 quam
2390 2883 2518 2967 ipse
2546 2903 2785 2968 quoque

392 2970 593 3035 audivi
637 2970 809 3056 juxta
852 2967 1014 3052 leges
1059 2966 1239 3032 etiam
1291 2965 1596 3032 haereticas
1642 2965 1982 3051 Anglorum
2009 2966 2329 3032 invalidam
2357 2991 2502 3047 esse,
2540 2969 2787 3054 (quippe

393 3079 528 3143 quae
576 3051 873 3134 festinate,
925 3062 986 3119 et
1036 3053 1164 3118 sine
1213 3051 1690 3118 solemnitatibus
1740 3051 1956 3118 debitis
2001 3053 2157 3118 facta
2206 3055 2320 3138 est)
2354 3054 2537 3142 idque
2583 3055 2791 3142 postea

393 3145 556 3231 ipsos
599 3141 834 3228 Anglos
883 3138 1386 3206 animadvertisse.
1473 3139 1707 3206 Omitto
1755 3163 1921 3206 nunc
1970 3140 2139 3219 nihil,
2171 3141 2334 3226 quod
2383 3143 2449 3206 in
2498 3165 2569 3207 eo
2596 3142 2787 3228 parla-

393 3236 598 3296 mento
644 3229 824 3294 fuerit
873 3227 1288 3306 constitutum,
1337 3247 1465 3292 esse
1513 3228 1748 3292 firmum
1802 3249 1939 3293 cum
1968 3227 2014 3292 ii
2062 3228 2338 3314 suffragia
2387 3229 2651 3308 tulerint,
2684 3227 2790 3316 qui

396 3316 472 3382 ad
501 3339 576 3382 ea
596 3315 837 3382 ferenda
880 3315 1014 3401 jure
1065 3321 1207 3378 sunt
1256 3313 1462 3400 inepti.
1551 3315 1849 3381 Praetereo
1899 3315 2077 3380 etiam
2106 3315 2306 3381 omnia
2374 3317 2696 3382 arlamenta
2722 3316 2789 3382 in

399 3401 642 3468 Ibernifl
689 3407 891 3468 coacta
937 3398 1047 3499 suh
1098 3401 1338 3486 Angliae
1379 3401 1747 3489 principibus
1789 3425 1918 3470 esse
1946 3402 2187 3468 omnino
2215 3338 2401 3483 nulss,
2431 3425 2571 3468 cum
2598 3401 2673 3468 ab
2703 3403 2789 3470 eis

399 3487 1894 3642 mmmmm
1924 3489 2419 3555 0001020

400 3596 638 3742 hantis,
667 3685 792 3728 non
835 3596 1128 3770 gngliclig,
1174 3624 1302 3760 sed,
1324 3597 2047 3760 Pontificiiffiffless,
2093 3673 2155 3728 et
2212 3600 2539 3729 Iberniciso
2556 3599 2791 3750 lzgirffig
2812 3663 2989 3731 [258.]

399 3750 694 3830 vixerunt,
741 3754 815 3814 ut
860 3747 1001 3829 late,
1049 3754 1109 3813 et
1158 3746 1381 3835 optime
1427 3747 1661 3816 disserit
1705 3749 1945 3836 Angliae
1988 3749 2145 3836 regis
2196 3749 2236 3814 J
2240 3749 2409 3816 acobi
2446 3756 2793 3838 procurator

477 4032 501 4058 ‘
525 4030 638 4086 Mr.
658 4031 874 4116 Moero,
890 4030 980 4086 vol
1003 4031 1088 4115 iv...
1093 4049 1160 4154 lp
1197 4033 1318 4115 168,
1326 4031 1603 4104 referring
1625 4039 1686 4087 to
1711 4032 1821 4086 this
1845 4031 1966 4086 able
1982 4033 2090 4088 and
2108 4033 2348 4119 truthful
2367 4045 2795 4103 remonstrance,

405 4100 858 4244 ἱρῗέἷῗιῖἐζὲξὲ
919 4119 1092 4236 ‘32⁰2
1110 4101 2805 4254 offiywssffreffiigssissi‘eiaigfss'ffss{iffiffiffleessisssssssdssi

409 4243 612 4310 Tuam,
635 4259 775 4317 gave
798 4243 882 4297 his
905 4252 1033 4299 vote
1055 4244 1270 4316 against
1291 4245 1388 4300 the
1426 4245 1758 4301 attainder.”
1831 4245 1969 4300 This
1992 4246 2039 4300 is
2064 4265 2165 4302 one
2190 4249 2255 4301 of
2270 4247 2365 4303 the
2388 4267 2549 4323 many
2574 4259 2725 4307 stran
2767 4271 2799 4307 e

405 4315 698 4369 assei-tiens
723 4314 845 4370 that
869 4333 1035 4369 occur
1058 4315 1117 4368 in
1139 4315 1266 4370 that
1304 4324 1450 4370 most
1479 4317 1734 4371 readable
1759 4317 1826 4371 of
1860 4317 1935 4372 all
1975 4317 2122 4372 Irish
2145 4319 2457 4373 historians.
2536 4322 2668 4377 Had
2768 4341 2799 4378 e

409 4387 557 4440 Irish
585 4385 868 4440 Oatholics
893 4403 1027 4441 even
1050 4387 1184 4440 then
1205 4387 1436 4442 listened
1463 4395 1522 4442 to
1557 4387 1652 4442 the
1694 4389 1849 4442 voice
1891 4389 1957 4442 of
1985 4389 2079 4443 the
2123 4390 2303 4444 exiled
2344 4393 2694 4466 Archbishop
2717 4394 2799 4449 in-

405 4457 582 4530 viting
605 4457 755 4511 them
779 4463 840 4512 to
864 4457 1052 4521 union,
1075 4458 1170 4512 the
1229 4458 1409 4524 could,
1428 4459 1562 4512 with
1587 4459 1800 4530 perfect
1823 4477 1969 4526 ease,
1994 4460 2129 4514 have
2146 4463 2397 4516 extorted
2416 4463 2558 4518 from
2576 4483 2610 4518 a
2626 4467 2797 4538 needy

409 4528 518 4582 and
540 4528 951 4601 pusillanimum
973 4529 1126 4601 king,
1215 4547 1246 4583 e
1285 4529 1425 4584 liber
1509 4530 1575 4584 of
1606 4530 1750 4586 their
1774 4529 1982 4585 church
2003 4552 2023 4598 ς
2060 4530 2162 4585 but
2184 4532 2279 4586 the
2302 4533 2659 4606 Anglo-Irish
2684 4554 2797 4591 sec-

410 4599 525 4654 tion
561 4599 848 4684 preferred
880 4617 916 4654 a
955 4597 1314 4672 compromise
1353 4600 1451 4654 wit
1529 4600 1676 4655 their
1712 4601 1935 4656 natural
1976 4619 2129 4656 enem
2166 4639 2184 4664 ,
2220 4603 2313 4658 the
2336 4617 2713 4676 government,
2738 4617 2798 4664 to

411 4671 774 4726 combination
798 4671 932 4726 with
955 4671 1100 4728 their
1123 4671 1343 4726 natural
1366 4669 1592 4739 friends,
1615 4673 1712 4727 the
1735 4673 1829 4727 old
1855 4671 1999 4729 Irish
2026 4673 2133 4728 Cat
2173 4673 2325 4728 olics.
