3634 5842
472 696 608 741 οη.
651 674 820 764 xm]
1306 697 1588 743 manum
1632 698 1749 743 sua
1795 698 2206 744 suzam-rna,
2735 679 2855 742 125

467 856 663 915 natus.
754 850 1022 915 Primum
1052 849 1126 915 ad
1155 850 1456 917 Adamum
1497 850 1986 929 Chancellarium‚
2020 858 2079 916 et
2126 852 2455 917 Henricum
2487 850 2861 923 Quaestorem

467 938 794 1023 productus
823 938 1088 1016 comiter,
1121 945 1182 1002 et
1209 936 1468 1024 benigne
1517 937 1804 1011 invitatur
1834 938 1909 1003 ad
1946 939 2359 1003 haereticorum
2387 946 2575 1003 sectas
2607 958 2856 1023 sequen-

467 1023 572 1088 das
600 1024 834 1108 magnis
865 1024 1184 1111 propositis
1213 1025 1470 1110 praemiis
1499 1046 1570 1088 ea
1596 1024 1957 1103 conditione,
1982 1035 2049 1090 ut
2080 1047 2243 1091 sacro
2274 1026 2609 1091 charactere
2638 1032 2855 1111 spreto,

465 1118 528 1174 et
555 1112 918 1175 authoritate
947 1119 1188 1196 accepta
1216 1136 1250 1177 a
1278 1111 1570 1177 Pontifice
1620 1132 1857 1176 summo
1886 1120 2123 1177 contem
2166 1120 2229 1178 ta
2256 1135 2363 1199 per
2390 1112 2614 1197 reginae
2642 1112 2854 1197 inaug-

463 1198 796 1262 urationem
833 1198 894 1280 (o
923 1197 1112 1262 scelus
1136 1199 1176 1279 ἒ)
1211 1196 1804 1283 Archiepiscopatum
1828 1197 2028 1264 iniret.
2154 1222 2187 1264 e
2218 1199 2368 1263 dixit
2390 1198 2503 1263 sibi
2532 1198 2855 1276 decretum,

461 1288 644 1368 atque
670 1285 856 1348 fixum
885 1306 1012 1349 esse
1039 1308 1075 1349 a
1102 1283 1323 1350 Christi
1371 1284 1415 1349 J
1415 1307 1523 1350 esu
1567 1284 1855 1363 Ecclesia,
1886 1285 2021 1364 fide,
2051 1292 2111 1351 et
2139 1286 2356 1350 vicario
2388 1284 2687 1349 beneficiis
2716 1284 2856 1349 ullis

460 1388 772 1455 nunquam
802 1371 1137 1437 desciscere.
1225 1371 1380 1437 Inde
1410 1371 1872 1451 Chancellarius,
1892 1379 2071 1457 atque
2101 1371 2381 1443 Quaestor
2410 1393 2651 1435 suarum
2680 1393 2853 1457 arg-u-

459 1458 890 1523 mentationum
943 1456 1263 1523 calliditate
1311 1458 1481 1523 illum
1535 1458 1805 1543 decipere
1857 1464 2168 1537 conantur,
2201 1480 2407 1523 omnes
2435 1479 2646 1521 nervos
2676 1458 2851 1523 extri-

458 1549 680 1623 canteS,
705 1554 776 1609 ut
793 1546 1096 1609 veritatem
1115 1545 1388 1610 falsitatis
1408 1544 1782 1611 convincant.
1820 1544 1957 1609 Hoc
1985 1544 2335 1630 Dermysius
2362 1543 2611 1608 moleste
2638 1544 2850 1623 ferens,

456 1632 801 1715 praesertim,
850 1632 1014 1717 quod
1065 1631 1178 1697 sibi
1207 1632 1487 1697 tricarum
1528 1631 1835 1717 responsio
1863 1629 2343 1709 interdicebatur,
2376 1628 2641 1710 stolidos,
2672 1636 2853 1716 atque

455 1717 671 1783 inscios
713 1717 888 1805 jubet
944 1720 1039 1803 (ea
1087 1724 1212 1783 erat
1257 1719 1439 1784 animi
1488 1739 1549 1782 m
1674 1716 1926 1801 ‘tudine)
1982 1740 2061 1783 ne
2102 1716 2217 1783 sibi
2262 1718 2646 1801 Archiepisco
2724 1766 2745 1796 ,
2790 1723 2855 1783 et

455 1803 684 1869 homini
712 1806 776 1869 in
799 1804 1130 1871 celebribus
1158 1804 1478 1891 gymnasiis
1509 1740 1884 1869 ango-dtorum
1926 1826 2177 1869 numero
2203 1826 2328 1869 non
2357 1805 2547 1890 ejecto
2576 1804 2627 1868 ri
2676 1803 2846 1883 cula,

454 1896 514 1953 et
541 1890 688 1956 falsa
719 1892 1074 1958 documenta
1121 1892 1414 1977 ingerant.
1503 1891 1660 1955 Tum
1706 1890 1992 1955 Haeretici
2034 1893 2120 1956 ira
2170 1892 2399 1977 perciti,
2432 1914 2513 1969 re,
2544 1890 2848 1977 inquiunt,

453 1976 772 2043 efficiemus
821 1979 985 2064 quod
1029 1977 1225 2045 verbis
1270 1984 1548 2065 praestare
1577 2000 1700 2043 non
1741 2000 2080 2063 possumus,
2112 1984 2183 2042 ut
2210 1978 2321 2043 hac
2350 1986 2454 2042 tua
2483 1976 2613 2063 lege
2643 1977 2848 2043 delusa

453 2064 684 2135 deserta
713 2065 1084 2151 Religionem
1113 2072 1379 2131 nostram
1408 2064 1506 2129 vel
1533 2062 1723 2130 obviis
1751 2064 2031 2130 manibus
2060 2064 2489 2150 amplectarisn
2866 2080 3049 2152 [102]

534 2152 808 2217 Antiates
833 2153 1090 2239 pedibus
1117 2159 1296 2265 atque
1325 2152 1602 2217 manibus
1629 2152 1849 2217 vinctis
1876 2152 2045 2217 humi
2072 2153 2469 2238 prosternitur
2500 2149 2576 2215 ad
2605 2158 2837 2216 vastum

449 2242 730 2303 truncum
774 2240 1078 2325 religatus.
1165 2239 1316 2325 Ejus
1361 2238 1562 2326 pedes,
1593 2258 1883 2324 cruraque
1912 2240 2099 2305 ocreis
2136 2239 2223 2323 (id
2252 2238 2622 2305 calciamenti
2650 2262 2841 2325 genus

449 2330 538 2388 est
567 2326 682 2390 hoc
711 2325 926 2391 saeculo
975 2328 1256 2411 frequens
1285 2348 1358 2391 ex
1389 2328 1548 2391 corio
1579 2326 1938 2405 confectum,
1972 2333 2033 2392 et
2059 2326 2218 2392 ultra
2288 2349 2442 2391 enua
2468 2326 2837 2424 pertingens)

447 2410 586 2489 sale,
617 2410 853 2497 butyro,
872 2412 1023 2490 ole0,
1048 2435 1196 2491 sero,
1216 2413 1465 2499 piceque
1492 2412 1678 2491 illitis,
1711 2432 1867 2497 aqua
1894 2413 2159 2479 fervente
2188 2436 2223 2477 a
2268 2414 2453 2477 mixta
2477 2412 2838 2480 mduuntur.

447 2496 547 2561 Ita
597 2519 769 2562 crura
819 2496 1093 2577 calceata,
1123 2499 1442 2584 ferreaeque
1485 2498 1782 2563 craticulae
1826 2500 2408 2585 imposita—injecto
2433 2499 2575 2583 igne
2605 2498 2749 2579 dire,
2782 2506 2844 2564 et

445 2582 764 2647 crudeliter
812 2583 928 2648 frin
1015 2590 1194 2649 ntur:
1235 2585 1478 2670 jamque
1529 2586 1933 2650 cruciamento
1962 2607 2069 2670 per
2095 2585 2385 2669 integram
2416 2584 2624 2649 horam
2652 2586 2840 2652 conti-

445 2674 651 2746 nuato,
701 2669 852 2754 pice,
900 2693 936 2733 o
961 2688 1166 2755 eoque,
1218 2670 1562 2756 reliquaque
1615 2671 1859 2735 materia
1907 2670 2227 2735 commixta
2271 2669 2611 2769 ebulliente,
2662 2678 2843 2769 atque

443 2764 762 2929 Ξῗεεᾞῗὲῗ
784 2755 1341 2920 Γὲζζεῗυῖξῖὸνέἒὲ
1367 2756 1714 2928 ἓῗὲἓᾞὲ
1750 2755 1973 2907 ἓίῗιειίξ
2005 2762 2844 2928 ἕὲἓῖῑὲζῗῗωὲἒέξὶῗὲἑξ

441 2930 920 3009 excalciarentur,
951 2930 1170 2995 frustra
1198 2929 1386 2995 frictae
1416 2928 1608 2995 carnis
1639 2950 1840 2993 secum
1890 2929 2191 2995 trahentes
2220 2951 2343 2994 non
2368 2950 2579 3016 parvas
2608 2928 2832 2995 ossium

439 3025 654 3101 partes,
701 3016 913 3097 nudas,
967 3022 1146 3103 atque
1193 3039 1353 3081 rasas
1403 3016 1790 3101 reliquerunt,
1844 3015 2247 3101 spectaculum
2304 3014 2829 3083 circumstantibus

439 3102 716 3170 horribile
745 3106 898 3183 visu,
929 3104 1145 3190 vixque
1173 3102 1350 3169 fidem
1377 3103 1619 3169 faciens.
1707 3104 1999 3169 Attamen
2038 3102 2273 3190 Martyr
2288 3104 2506 3181 animo,
2550 3100 2702 3182 Deo,
2732 3126 2825 3169 re-

435 3188 668 3274 busque
697 3192 912 3257 divinis
939 3192 1226 3271 intentus,
1249 3213 1350 3257 ore
1366 3213 1444 3256 ne
1459 3190 1653 3256 ullum
1669 3189 1919 3255 verbum
1938 3190 2265 3277 proferens,
2294 3191 2360 3255 in
2389 3191 2595 3256 eodem
2625 3190 2821 3271 alacri,

434 3282 496 3341 et
523 3276 917 3360 placidissimo
945 3278 1150 3343 vultus
1178 3278 1384 3345 habitu
1413 3280 1479 3343 in
1507 3278 1791 3344 tormenti
1830 3278 2007 3344 finem
2034 3278 2312 3363 perstitit,
2343 3300 2463 3363 quo
2492 3276 2609 3343 fuit
2634 3279 2820 3363 prius,

433 3384 614 3512 331?
649 3365 810 3513 122⁸th
811 3370 839 3428 ¹⁵
851 3387 1069 3515 „5355
1069 3364 1644 3517 {Tiap‘iss'l‘iffseinssi}
1683 3363 1953 3517 ⁹³ui31¹1¹ss⁸1⁵
1962 3365 2179 3517 ⁶⁸3*ssss
2192 3364 2820 3516 Ἐιῗᾚέἵὲἷῖἷῖζ

433 3535 615 3598 ramis
643 3534 854 3599 diffusa
876 3538 1048 3619 juxta
1093 3474 1260 3623 aqgae
1309 3538 1571 3603 rivulum
1612 3474 1884 3625 jugundo
1933 3474 2236 3603 mul-,mure
2278 3472 2641 3623 strepenterii
2666 3537 2821 3601 inter

429 3620 755 3706 fragrantia
801 3620 923 3685 lilia
961 3624 1184 3709 jacens,
1232 3646 1447 3709 corpus
1497 3625 1731 3709 magnis
1756 3623 2081 3702 laboribuS,
2133 3628 2313 3708 atque
2359 3622 2557 3708 longis
2602 3622 2819 3707 vigiliis

427 3708 746 3793 fatigatum
774 3707 958 3793 quieti
985 3710 1366 3774 reficiendum
1395 3711 1671 3775 traderet.
1759 3710 1914 3774 Cum
1942 3724 2081 3775 vero
2110 3711 2175 3774 in
2202 3709 2317 3774 hoc
2360 3731 2535 3787 saevo,
2567 3715 2627 3773 et
2654 3707 2821 3793 plus-

429 3814 610 3880 quam
637 3793 948 3861 Phalarico
977 3795 1243 3860 cruciatu
1272 3795 1553 3881 Martyris
1593 3796 1885 3861 invictum
1926 3797 2189 3861 animum
2218 3794 2454 3882 tyranni
2482 3794 2815 3879 fregissent,

427 3902 633 3947 eorum
676 3882 854 3968 jussu
900 3882 963 3946 in
1010 3882 1330 3967 pristinum
1379 3904 1687 3961 carcerem,
1735 3878 1938 3948 locum
1982 3880 2271 3961 faetidum,
2316 3887 2379 3946 et
2419 3881 2540 3946 alta
2565 3880 2818 3967 caligine

425 3976 686 4034 mersum
729 3968 1000 4048 refertur,
1047 3967 1123 4033 ad
1173 3967 1427 4049 duriora,
1479 3969 1531 4033 si
1563 3969 2073 4055 ⁸excogitat-entur,
2125 3967 2507 4055 perpetienda
2554 3975 2813 4054 paratus,

425 4054 596 4120 Tunc
623 4056 910 4142 temporis
929 4060 1055 4121 erat
1083 4054 1452 4121 Dubhlinnae
1473 4054 1719 4120 Carolus
1736 4055 1879 4121 Mac
1906 4055 2099 4122 Moris
2127 4055 2432 4142 presbyter
2460 4076 2493 4121 e
2524 4055 2817 4141 Societate

427 4141 469 4206 J
471 4164 595 4222 esu,
626 4144 717 4208 vir
766 4142 909 4207 artis
936 4142 1200 4221 medicae,
1233 4148 1294 4207 et
1322 4142 1670 4228 chirurgicae
1711 4142 1957 4228 peritus,
2040 4143 2127 4221 ui,
2157 4164 2297 4208 cum
2322 4148 2567 4229 propter
2592 4140 2816 4207 Christi

426 4228 604 4294 fidem
631 4230 842 4295 fuisset
872 4226 948 4295 ab
977 4227 1195 4315 Anglis
1222 4228 1289 4292 in
1317 4250 1606 4294 carcerem
1635 4230 1961 4316 conjectuS,
1992 4252 2027 4295 a
2096 4228 2317 4295 eisdem
2344 4252 2550 4294 rursus
2578 4227 2698 4293 fuit
2726 4227 2813 4293 di-

426 4315 640 4381 missus
671 4314 748 4381 ob
785 4315 1013 4402 aliquas
1063 4314 1328 4381 difficiles
1380 4316 1712 4381 curationes
1757 4316 2053 4382 adhibitas
2104 4316 2463 4403 quibusdam
2490 4314 2809 4380 nobilibus.

426 4402 492 4466 Is
544 4402 832 4468 Sanctum
879 4403 1411 4488 Archiepiscopum
1437 4404 1504 4469 in
1551 4424 1844 4469 carcerem
1873 4403 2095 4481 adienS,
2141 4402 2451 4489 eidemque
2495 4402 2815 4468 admovens

422 4489 867 4569 medicamenta,
899 4490 970 4555 eb
997 4489 1168 4555 illum
1197 4490 1496 4577 perduxit,
1527 4496 1597 4555 ut
1625 4489 1722 4555 die
1751 4491 1981 4556 decimo
2010 4496 2224 4575 quarto
2265 4490 2529 4575 potuerit
2554 4489 2620 4553 in
2659 4488 2812 4554 lecto

422 4576 766 4661 aliquandiu
813 4583 986 4643 stare.
1077 4576 1259 4648 Quod
1309 4575 1768 4656 Chancellarius,
1822 4582 1884 4642 et
1941 4576 2219 4648 Quaestor
2275 4576 2694 4663 intelligenteS,
2749 4584 2810 4641 et

423 4661 726 4729 Urmoniae
754 4662 1048 4730 Comitem
1076 4664 1411 4743 adventare,
1443 4663 1613 4750 cujus
1635 4665 2077 4743 authoritatem,
2096 4670 2275 4750 atque
2303 4664 2627 4749 potentiam
2658 4663 2808 4729 Der-

420 4750 606 4835 mysio
637 4750 814 4817 saluti
842 4752 984 4831 fore,
1017 4750 1325 4833 timebant,
1357 4751 1527 4819 malis
1547 4750 1744 4819 Furiis
1773 4752 1891 4819 acti
1921 4756 2193 4818 statuunt
2221 4750 2393 4817 illum
2422 4771 2601 4838 quam
2630 4751 2807 4817 celer-
