3634 5842
336 1465 679 1566 DOMINI
750 1471 1183 1568 PIllLll'PI
1236 1473 1852 1572 O’SULLEVANI
1899 1471 2262 1566 BEARRI
2348 1467 2714 1572 IBERNI.

1064 1729 1289 1797 ΤΟΜΙ
1329 1729 1445 1796 IV.
1532 1727 1801 1796 LIBER
1841 1728 1972 1795 ΠΙ.

836 1956 937 2008 ΒΕ
968 1956 1426 2011 TYRANNIDIS
1458 1956 1790 2021 ALIQUOT
1821 1953 2208 2007 murus.

327 2143 681 2214 Fummu
710 2150 1041 2235 tyrannidis
1066 2158 1300 2232 aestum,
1327 2152 1425 2231 lis,
1454 2157 1639 2239 atque
1663 2151 1972 2218 contentio
1999 2149 2584 2236 parlamentariorum
2616 2147 2717 2238 (ut

325 2231 607 2319 vidimus)
662 2258 771 2322 per
817 2236 1045 2325 aliquot
1092 2261 1325 2305 menses
1371 2237 1672 2316 diminuit,
1716 2238 1784 2303 in
1825 2238 1888 2302 id
1927 2237 2218 2303 haereticis
2243 2257 2420 2302 omne
2448 2236 2716 2302 studium

326 2319 783 2403 conferentibus,
833 2330 906 2390 ut
952 2325 1113 2412 leges
1160 2326 1506 2408 conderent,
1558 2325 1776 2412 quibus
1814 2324 2122 2391 Catholica
2148 2323 2356 2410 religio
2383 2345 2491 2410 per
2519 2328 2714 2390 totum

322 2426 579 2492 regnum
626 2411 975 2496 extripanda
1020 2411 1353 2480 videbatur.
1442 2412 1585 2484 Quo
1621 2417 1842 2478 conatu
1869 2411 2224 2478 Ibernorum
2253 2411 2473 2476 virtute
2502 2409 2542 2475 d
2581 2411 2716 2477 'ecti

322 2493 577 2578 pristina
624 2497 1049 2580 persecutionis
1098 2499 1331 2564 feritate
1378 2521 1617 2586 aequora
1658 2498 1983 2564 concitant.
2065 2496 2420 2563 Perdifficile
2445 2519 2556 2583 pro
2581 2498 2715 2565 ecto

324 2585 437 2658 est,
480 2577 577 2644 vel
631 2581 1053 2649 truculentiam
1102 2584 1435 2650 Phalaridis
1478 2585 1737 2650 inventis
1787 2585 2178 2650 crudeliorem
2221 2582 2417 2648 verbis
2458 2606 2554 2648 ass
2629 2586 2713 2664 ui,

323 2664 422 2729 vel
466 2666 766 2733 anfractus
812 2670 1055 2736 tartarei
1097 2670 1326 2736 colubri
1374 2671 1813 2736 sinuosissimos
1862 2670 2192 2736 scribendo
2223 2669 2530 2754 explicare.
2673 2695 2714 2734 x

323 2751 441 2816 hoc
468 2754 857 2906 apertissimo,
889 2763 950 2821 et
993 2755 1371 2823 diffusissimo
1400 2756 1641 2822 saevitiae
1669 2778 1890 2822 oceano
1916 2756 2088 2822 valde
2116 2777 2304 2843 pauca
2317 2756 2714 2842 perstringere

324 2859 475 2904 cona
516 2863 603 2907 or.

1375 3262 1557 3327 OAP.
1604 3263 1658 3327 Ι.

833 3473 927 3528 Ad
947 3471 1235 3544 pristinam
1258 3473 1603 3545 tyrannidem
1626 3473 1795 3546 Angli
1820 3491 1878 3527 so
1902 3478 2144 3527 vertunt.

321 3679 405 3746 Iu
433 3679 799 3766 parlamento
824 3679 1013 3766 Angli
1038 3679 1167 3745 voti
1192 3678 1437 3744 minime
1464 3685 1769 3765 compotes
1795 3678 2052 3764 pristino
2093 3699 2256 3743 more
2277 3675 2496 3764 jubent
2523 3678 2711 3745 haere·

320 3769 473 3833 ticos
500 3766 947 3833 concionatores
960 3767 1027 3831 in
1041 3765 1189 3832 locis
1205 3765 1485 3831 omnibus
1504 3766 1789 3832 constitui
1794 3792 1815 3845 ;
1833 3765 2283 3830 multitudinem
2309 3765 2386 3830 ad
2414 3764 2710 3832 audienda

313 3854 599 3920 haeretica
641 3853 923 3940 dogmata
946 3855 1009 3918 vi
1038 3853 1175 3938 cogi
1189 3855 1249 3937 ςΙΙ
1295 3853 1555 3918 infantes
1603 3852 1681 3917 ad
1721 3853 2032 3918 haereticos
2059 3852 2384 3930 ministros,
2413 3857 2486 3916 ut
2512 3850 2704 3940 bapti·
2726 3871 2910 3941 [252]

310 3948 555 4019 nentur,
608 3939 799 4006 afferri
830 3967 848 4006 τ
921 3939 1246 4006 eorundem
1302 3939 1663 4006 authoritate
1716 3939 2094 4004 matrimonia
2151 3939 2422 4004 contrahi
2453 3965 2469 4003 ι
2543 3963 2710 4020 sacra

316 4027 525 4092 omnia
564 4024 847 4092 celebrari
876 4053 895 4092 ι
960 4027 1271 4115 explorari,
1328 4027 1433 4128 qui
1489 4026 1960 4092 constantissimi
2007 4025 2322 4105 Catholici,
2379 4027 2710 4115 majorique

316 4113 519 4179 animo
546 4111 625 4177 ad
651 4103 1047 4179 resistendu‘m
1072 4113 1491 4215 persecutioni,
1518 4119 1581 4179 et
1624 4115 1729 4200 jus
1766 4113 1944 4179 armis
1971 4113 2288 4193 tuendum,
2313 4113 2444 4178 fore
2467 4114 2708 4181 videan-

314 4207 459 4266 tur:
504 4204 566 4264 et
592 4219 697 4264 eos
720 4198 885 4265 falsis
914 4199 1311 4267 delationibus
1336 4223 1473 4266 reos
1497 4200 1635 4288 agi.
1677 4221 1914 4266 summo
1939 4222 2052 4288 sup
2093 4199 2231 4266 licio
2259 4200 2438 4266 affici.

402 4285 703 4352 Ceterum
748 4285 819 4350 in
862 4286 979 4352 hoc
1022 4293 1186 4353 statu
1224 4288 1553 4368 teterrimo,
1576 4287 1838 4375 ipsisque
1867 4287 2032 4353 duris
2053 4223 2350 4354 hereticis
2375 4287 2710 4354 miserando

316 4379 487 4440 tanta
514 4381 607 4438 est
635 4373 963 4440 servatoris
987 4373 1377 4460 providentia,
1406 4381 1481 4440 ut
1504 4375 1697 4462 magis
1720 4375 2005 4455 haeretici,
2033 4373 2130 4440 vel
2156 4374 2430 4440 nocendo
2453 4375 2710 4528 Ῐαῌὶειι·

317 4467 439 4539 tur,
468 4459 565 4526 vel
590 4461 667 4526 ad
694 4458 875 4526 fidem
900 4467 1323 4527 convertantur
1388 4485 1531 4527 uam
1576 4461 1868 4528 Catholici
1903 4469 2168 4528 extrema
2187 4461 2436 4528 ferendo
2461 4462 2574 4528 viri
2615 4485 2707 4544 us,

314 4553 380 4612 et
406 4548 607 4614 animo
633 4547 1055 4620 destituantur.
1143 4547 1351 4615 obivit
1526 4554 1880 4636 tempestate
1905 4548 2198 4615 Nicolaus
2229 4547 2430 4614 Valois
2455 4549 2712 4636 insignis

316 4633 729 4702 haereticorum
771 4635 839 4702 in
887 4634 1131 4702 Ibernia
1170 4634 1381 4722 judex,
1428 4636 1559 4723 qui,
1600 4635 1765 4722 quod
1790 4657 1860 4700 se
1883 4635 2246 4716 haereticum,
2275 4642 2340 4701 et
2363 4635 2432 4702 in
2460 4635 2708 4703 lbernos

322 4741 549 4788 saevum
596 4721 943 4804 ostenderit,
972 4723 1135 4812 apud
1182 4723 1415 4812 Anglos
1456 4745 1745 4810 magnum
1788 4723 2116 4810 dignitatis,
2144 4729 2206 4789 et
2233 4723 2478 4791 honoris
2502 4724 2702 4792 locum
