3634 5842
909 732 1033 797 206
1324 727 1744 795 o’sunmvsm
1787 746 2107 793 msa-om
2148 747 2537 807 cunonem,
2580 749 2732 794 rou.
2778 749 2881 794 111.
3026 730 3185 815 [m.
3228 751 3291 795 ν.

903 924 1172 1140 Ξιὲῗιιαιῒ
1187 988 1474 1054 auxilium
1501 900 2347 1073 Pffizugegggnetfifizegffi
2376 899 2685 1053 33:51ng
2710 908 3297 1069 exercizanlingtiititii}

1009 1097 1106 1141 em
1153 1076 1328 1141 veriti
1373 1097 1571 1141 comes
1620 1076 1966 1153 Tomonius,
2015 1080 2077 1139 et
2125 1074 2356 1139 Carnus
2385 1097 2449 1139 se
2678 1075 2983 1142 mandant.
3072 1077 3152 1142 In
3180 1080 3293 1144 As-

901 1162 1146 1227 cherum
1195 1162 1346 1249 regii
1393 1162 1612 1249 magna
1653 1161 1837 1227 turba
1883 1168 2218 1247 proruunt:
2264 1161 2485 1248 quibus
2580 1160 2840 1227 omelius
2882 1162 2957 1227 O’
2962 1162 3171 1229 Bellus
3218 1164 3293 1231 ab

903 1248 1129 1314 Huone
1176 1250 1392 1315 missus
1435 1249 1710 1315 occurrit.
1799 1247 2102 1334 Utrinque
2142 1249 2399 1333 equestri
2428 1270 2631 1335 pugna
2660 1254 2723 1313 et
2748 1247 3293 1317 bombardariorum

900 1335 1240 1401 velitatione
1287 1336 1625 1415 dimicatur,
1669 1336 1861 1402 donec
1886 1358 2009 1401 nox
2050 1334 2323 1422 praelium
2352 1335 2669 1400 diremerit.
2712 1406 2719 1411 ‚
2756 1336 3007 1402 Postero
3036 1338 3131 1402 die
3158 1360 3293 1425 pars

901 1429 1157 1509 utraque
1186 1422 1261 1489 ab
1291 1446 1362 1488 eo
1389 1424 1523 1489 loco
1553 1423 1842 1489 discessit.
1932 1422 2261 1487 Urmonius
2291 1421 2365 1487 ab
2397 1420 2620 1487 Huone
2663 1422 2951 1488 custodiae
2979 1426 3293 1491 mandatus

902 1510 981 1575 ad
1030 1511 1208 1575 fidem
1257 1510 1626 1576 Catholicam
1673 1509 1749 1576 ab
1779 1509 2046 1575 Archero
2074 1510 2459 1575 convertitur.
2548 1508 2667 1573 Sed
2710 1508 2786 1574 0’
2790 1510 2855 1574 N
2858 1510 2956 1575 elli
2992 1512 3169 1597 jussu
3196 1536 3292 1578 ve-

702 1616 886 1687 [Μ’]
903 1596 1849 1751 ἴξῗέξῗέῗὲἓῗέἓωηῗῑῖῖἱοῗε
1884 1596 3291 1752 ffsfflfflffiffieffiffivssffiffl

903 1778 1016 1850 est,
1061 1793 1208 1849 ⁴eum
1238 1773 1532 1838 haereticis
1581 1794 1707 1838 non
1753 1770 1937 1836 modo
1980 1771 2211 1849 terrori,
2242 1769 2348 1835 sed
2376 1770 2554 1835 etiam
2598 1768 2746 1836 adeo
2776 1770 2871 1837 vel
2898 1771 3289 1853 admirationi,

901 1858 996 1929 vel
1025 1860 1256 1943 stupori
1283 1859 1485 1938 fuisse,
1515 1864 1586 1924 ut
1613 1880 1721 1945 per
1747 1858 1933 1923 maria
1960 1858 2131 1923 siccis
2148 1857 2402 1942 pedibus
2417 1857 2707 1936 incedere,
2727 1879 2833 1943 per
2852 1880 3047 1924 aerem
3073 1858 3288 1939 volare,

897 1943 1130 2030 aliaque
1179 1966 1254 2009 su
1295 1968 1361 2011 ra
1388 1946 1700 2010 hominum
1745 1944 1900 2010 vires
1929 1952 2269 2011 assecutum
2296 1966 2425 2009 esse
2453 1944 2827 2025 crediderint,
2854 1944 2997 2010 inde
3024 1968 3149 2011 non
3176 1948 3286 2012 Ar-

894 2030 1158 2111 cherum,
1190 2054 1218 2097 s
1323 2030 1812 2097 Archidiabolum
1842 2031 2065 2096 rectius
2092 2030 2509 2116 appellandum
2538 2054 2665 2097 esse
2694 2033 3130 2099 confirmantes.

1874 2478 2057 2543 CAP.
2104 2478 2223 2547 lX.

885 2698 1046 2765 ‘Quid
1087 2698 1266 2771 egerit
1290 2717 1470 2754 comes
1513 2700 1777 2755 Essexius
1801 2701 1860 2755 in
1888 2701 2184 2756 Momoniis
2210 2712 2265 2755 et
2291 2698 2553 2772 Lagonia.
2624 2700 2739 2754 Res
2777 2698 2941 2755 varim
2964 2711 3281 2757 narrantur.

893 2918 1152 2985 Tsmnu
1199 2940 1306 3006 per
1355 2925 1449 2985 tot
1495 2920 1690 3005 regios
1741 2920 2148 3005 imperatores,
2180 2926 2242 2983 et
2287 2918 2579 2983 exercitus
2624 2940 2687 2983 re
2733 2917 3073 2984 infoeliciter
3101 2920 3285 3005 gestfi,

896 3012 1171 3071 statuunt
1220 3006 1408 3091 Angli
1455 3006 1700 3071 summis
1730 3006 1955 3073 viribus
1984 3004 2324 3072 catholicos
2352 3006 2764 3091 extinguere.†
2848 3005 2927 3070 In
2957 3028 3138 3091 quam
3166 3028 3287 3071 rem

895 3092 1196 3157 Robertus
1223 3094 1486 3158 Essexiae
1515 3114 1730 3172 comes,
1764 3094 1871 3179 qui
1899 3099 2045 3157 tunc
2074 3092 2358 3177 temporis
2388 3093 2654 3156 omnium
2699 3091 3035 3177 Anglorum
3108 3094 3287 3157 rimus

815 3234 824 3241 .
895 3180 1054 3244 fam&
1103 3201 1302 3243 rerum
1347 3186 1646 3264 gestarum
1695 3178 2045 3257 habebatur,
2094 3180 2454 3244 authoritate
2502 3178 2653 3244 nulli
2682 3178 2981 3245 secundus
3032 3179 3067 3244 I
3112 3180 3287 3244 erniae

895 3264 1140 3343 Prorex,
1171 3272 1231 3329 et
1281 3266 1572 3330 exercitus
1617 3266 1766 3350 regii
1815 3266 2133 3351 imperator
2180 3272 2433 3330 creatur.
2524 3264 2649 3337 Qui
2678 3264 2958 3331 Londino
2988 3266 3289 3351 profectus

895 3350 1010 3417 sub
1057 3351 1236 3415 finem
1283 3350 1490 3415 Martii
1533 3352 1754 3415 mensis
1803 3374 1960 3416 anno
2008 3351 2350 3417 millessimo
2402 3352 2876 3439 quingentesimo
2904 3355 3288 3438 nonagesimo

896 3460 1056 3503 nono
1091 3438 1191 3522 (ut
1221 3438 1394 3502 docet
1422 3436 1779 3518 Camdenus)
1813 3437 2227 3504 Dubhlinnam
2256 3440 2507 3526 appulit.
2598 3438 2723 3505 Ubi
2752 3462 2825 3503 ex
2853 3440 2945 3517 iis,
2966 3439 3068 3525 qui
3100 3460 3291 3525 nuper

896 3546 974 3590 ex
1003 3525 1226 3610 Angli&
1253 3532 1553 3603 venerant,
1573 3524 1724 3589 etin
1754 3524 1999 3591 Ibernia
2023 3527 2278 3606 fuerant,
2312 3536 2668 3612 comparato,
2702 3548 2878 3612 quam
2898 3526 3156 3591 maximo
3186 3547 3289 3612 po-

895 3612 1032 3690 tuit,
1063 3611 1344 3690 exercitu,
1372 3612 1441 3677 in
1469 3610 1607 3677 O’N
1617 3612 1796 3677 ellum
1842 3612 2107 3678 facturus
2159 3614 2595 3699 expeditionem
2646 3612 2975 3691 videbatur,
3006 3618 3071 3677 et
3111 3614 3200 3678 ita
3224 3614 3289 3677 in

893 3698 1066 3765 illum
1097 3696 1172 3763 O’
1177 3698 1242 3763 N
1244 3697 1394 3763 ellus
1417 3722 1542 3765 sese
1573 3699 1837 3783 parabat,
1869 3707 1930 3766 et
1959 3701 2137 3765 etiam
2160 3698 2532 3765 O'Donellus
2554 3698 2817 3767 O’Nello
2838 3699 3071 3764 laturus
3095 3721 3285 3785 opem.

894 3789 981 3851 At
1009 3785 1110 3851 ille
1137 3792 1353 3872 praetcr
1402 3787 1671 3851 omnium
1721 3807 1888 3872 spem
1916 3786 1981 3851 in
2010 3786 2352 3851 Momonias
2378 3787 2465 3851 ire
2492 3786 2802 3852 contendit
2848 3794 3072 3873 septem
3106 3786 3288 3851 millia

894 3874 1185 3959 peditum,
1216 3882 1278 3936 et
1306 3872 1535 3957 equites
1564 3880 1903 3959 nongentos
1946 3871 2266 3939 ductitans.
2354 3873 2470 3938 Cui
2518 3874 2585 3939 in
2613 3874 2883 3961 Lagenia
2910 3894 3019 3960 per
3044 3874 3159 3939 iter
3186 3894 3287 3939 an-

965 4127 989 4154 ·
1029 4123 1129 4178 Set
1153 4130 1212 4176 at
1233 4122 1434 4193 liberty
1459 4122 1516 4174 in
1537 4120 1702 4185 June,
1733 4124 1890 4185 1600,
1914 4140 1969 4195 p.
1998 4123 2160 4182 2179.
2238 4127 2368 4189 Cooe,
2391 4141 2449 4196 p.
2470 4124 2597 4183 427.

961 4214 993 4276 †
1031 4208 1210 4262 Essex
1235 4222 1344 4259 was
1368 4222 1522 4258 more
1562 4204 1802 4260 tolerant
1825 4204 1960 4259 than
1984 4206 2068 4260 his
2110 4207 2509 4278 predecessor-s.
2586 4206 2707 4261 The
2735 4206 3017 4262 Catholics
3044 4226 3187 4264 were
3208 4207 3289 4263 nl·

890 4280 1067 4335 lowed
1094 4278 1160 4351 by
1186 4277 1299 4331 him
1323 4284 1383 4330 to
1409 4276 1681 4330 celebrate
1705 4292 1849 4329 mass
1872 4276 2111 4349 publicly
2136 4278 2192 4331 in
2216 4277 2319 4333 cha
2354 4279 2433 4332 els
2458 4296 2522 4333 or
2559 4278 2720 4333 other
2744 4280 2958 4345 homes,
2985 4279 3088 4333 but
3111 4288 3208 4334 not
3230 4280 3285 4333 in

929 4350 1076 4405 srish
1103 4349 1368 4403 churches
1389 4368 1406 4415 3
1447 4364 1595 4401 some
1617 4346 1816 4417 priests
1840 4365 1985 4401 were
2028 4348 2314 4421 discharge
2375 4348 2521 4403 from
2581 4350 2747 4415 rison,
2770 4350 2879 4405 and
2905 4368 3057 4404 some
3084 4350 3285 4405 Catho-

915 4421 992 4475 ics
1009 4420 1295 4492 knighted.
1375 4416 1554 4473 When
1576 4417 1671 4472 the
1713 4417 1967 4472 catholic
1992 4436 2182 4491 mayor
2221 4420 2288 4474 of
2326 4420 2516 4485 Water
2543 4420 2647 4475 ord
2689 4420 2943 4476 escorted
2968 4421 3084 4475 him
3112 4430 3168 4475 to
3194 4420 3284 4475 the

893 4492 1120 4545 chureh-
1129 4492 1284 4553 door,
1308 4490 1413 4543 but
1436 4488 1789 4561 respeetfully
1815 4488 2063 4544 declined
2084 4491 2255 4563 going
2279 4490 2509 4559 farther,
2531 4490 2622 4546 the
2649 4491 2782 4547 Earl
2806 4492 3075 4547 obser-ved
3099 4492 3216 4547 that
3238 4492 3283 4545 it

893 4581 1004 4616 was
1027 4581 1099 4616 no
1162 4572 1251 4616 art
1274 4562 1340 4615 of
1355 4562 1440 4614 his
1465 4561 1706 4615 business
1733 4570 1790 4614 to
1815 4560 2029 4632 inquire
2047 4562 2163 4616 into
2183 4564 2349 4617 men's
2368 4563 2728 4618 consciences.
2768 4562 3055 4631 Lamban-d,
3082 4582 3135 4637 p.
3160 4566 3281 4625 413,

893 4637 1019 4687 415.
1153 4634 1235 4685 his
1273 4650 1381 4686 was
1422 4632 1516 4685 the
1557 4638 1746 4703 scanty
1771 4631 2064 4687 toleration
2106 4632 2174 4687 of
2205 4634 2351 4689 their
2372 4634 2558 4705 public
2593 4634 2829 4707 worship
2853 4635 3085 4689 allowed
3108 4643 3169 4689 to
3194 4634 3282 4687 the

896 4704 1042 4757 Irish
1087 4702 1383 4767 Oatholics‚
1419 4703 1561 4767 who,
1603 4702 1736 4755 with
1850 4712 1940 4757 eat
1980 4702 2150 4776 loynlt
2183 4741 2202 4768 ,
2240 4704 2293 4757 if
2326 4713 2425 4759 not
2447 4704 2581 4759 with
2598 4700 2765 4777 'great
2798 4706 3001 4778 regar-d
3025 4705 3113 4759 for
3138 4704 3279 4760 their

894 4792 1017 4829 own
1040 4774 1312 4840 inter-ests,
1337 4774 1536 4845 fought
1561 4772 1736 4829 under
1761 4720 1855 4828 ῐὶἱ
1880 4774 2085 4829 banner
2112 4722 2183 4829 oi
2192 4774 2287 4831 the
2312 4775 2493 4849 virgin
2520 4775 2729 4840 Queen.
