3634 5842
1703 1387 2476 1550 APPENDIX.

2055 1915 2112 1982 Ι.

1504 2111 1653 2166 Note
1677 2121 1736 2165 to
1760 2111 1918 2182 chap.
1947 2129 2000 2166 v.
2030 2109 2189 2162 Tom.
2221 2105 2337 2161 111.
2369 2103 2494 2160 Lib.
2524 2105 2632 2162 VI.

953 2270 1118 2324 Anno
1160 2272 1297 2323 1600
1336 2286 1552 2322 eramus
1594 2268 1670 2322 ibi
1708 2273 1781 2322 40
1823 2267 2028 2321 fratres
2071 2266 2138 2320 de
2177 2265 2404 2326 familia,
2429 2272 2487 2318 et
2512 2265 2690 2318 officia
2712 2265 2898 2320 divina
2917 2273 3182 2320 nocturna
3206 2277 3268 2323 et

882 2339 1067 2395 divina
1102 2340 1303 2394 fiebant
1345 2357 1469 2394 cum
1512 2347 1679 2394 cantu
1718 2347 1777 2392 et
1819 2337 2252 2391 solemnitatibus
2291 2336 2521 2408 magnis.
2597 2337 2884 2391 Habebam
2921 2338 3034 2408 ipse
3075 2355 3268 2394 curam

879 2411 1139 2466 sacristiae
1163 2411 1218 2464 in
1244 2428 1353 2483 qua
1372 2410 1537 2464 habui
1558 2415 1631 2464 40
1654 2410 1974 2464 indumenta
1986 2406 2348 2462 sacerdotalia
2361 2424 2487 2461 cum
2505 2408 2617 2460 suis
2636 2409 2884 2462 omnibus
2907 2409 3268 2480 pertinentiis,

879 2491 937 2536 et
958 2482 1137 2536 multa
1156 2489 1316 2536 erant
1339 2500 1406 2536 ex
1430 2482 1541 2536 tela
1562 2499 1731 2535 aurea
1748 2489 1810 2536 et
1853 2488 2131 2552 argentea,
2167 2479 2377 2550 aliquot
2399 2478 2704 2534 intertexta
2725 2487 2784 2533 et
2807 2479 3090 2534 elaborata
3109 2497 3268 2546 auro,

877 2554 1091 2625 reliqua
1112 2554 1295 2608 omnia
1314 2553 1507 2607 serica.
1560 2553 1745 2607 Erant
1766 2552 1933 2606 etiam
1962 2555 2028 2605 16
2052 2549 2246 2604 calices
2269 2550 2535 2622 argentei,
2559 2558 2618 2605 et
2640 2552 2844 2623 magni,
2859 2569 2930 2604 ex
2947 2551 3142 2623 quibus
3158 2555 3265 2607 duo

877 2631 1093 2679 tantum
1116 2632 1277 2678 erant
1297 2625 1393 2696 qui
1414 2643 1525 2679 non
1548 2632 1706 2678 erant
1726 2622 2009 2689 deaurati;
2037 2628 2196 2676 erant
2211 2629 2266 2674 et
2284 2621 2392 2675 duo
2411 2622 2649 2676 Oiborea
2659 2639 2761 2693 pro
2777 2623 2877 2678 SS⁰
2897 2624 3268 2688 Sacramenta,

878 2713 943 2748 su
1048 2696 1158 2750 llex
1185 2696 1317 2750 satis
1341 2696 1586 2750 honesta.
1635 2695 1874 2749 Oiborea
1895 2711 1965 2747 ne
1979 2693 2125 2748 vitro
2150 2693 2370 2764 quidem
2393 2691 2672 2747 carebant.
2722 2693 2835 2747 Sed
2857 2693 3266 2765 ingravescente

880 2713 1046 2829 belg:
1068 2775 1125 2821 et
1148 2767 1419 2821 haereticis
1460 2766 1770 2851 aliqualiter
1805 2763 2243 2839 praevalentibus,
2283 2765 2505 2818 tandem
2542 2771 2841 2834 potuerunt
2862 2763 2921 2818 id
2945 2765 3178 2830 efficere,
3201 2775 3266 2821 ut

875 2838 1123 2909 principe
1168 2837 1511 2892 O'Donnello
1548 2855 1606 2891 ιιι
1644 2837 1765 2892 aliis
1807 2835 2042 2908 negotiis
2085 2843 2372 2919 occupato,
2395 2834 2498 2906 ipsi
2531 2836 2606 2889 ad
2628 2835 2889 2907 oppidum
2913 2836 3266 2909 Dunnangall

876 2909 1227 2980 pervenerint
1269 2927 1394 2963 cum
1436 2909 1705 2970 exercitu,
1744 2915 1802 2964 et
1841 2925 1984 2960 anno
2029 2909 2185 2969 1600,
2227 2924 2283 2959 ιιι
2305 2905 2448 2960 festo
2491 2905 2552 2959 S·
2598 2906 2887 2960 Laurentii
2925 2909 3185 2979 martyris
3207 2909 3265 2962 in

880 2981 1210 3034 monasterio
1227 2979 1539 3052 praesidium
1556 2980 1791 3034 militum
1808 2977 2175 3032 collocarunt=
2203 2975 2405 3031 fratres
2425 2976 2646 3049 quidam
2669 2978 2980 3048 praemoniti
3003 2977 3268 3050 fugerunt

878 3051 949 3105 ad
972 3051 1095 3105 loca
1116 3050 1410 3115 silvestria,
1434 3049 1559 3105 inde
1600 3051 1812 3122 aliquot
1847 3048 2154 3102 miliaribus
2199 3047 2478 3114 distantia,
2504 3055 2560 3101 et
2583 3047 3011 3119 suppellectilem
3051 3067 3261 3104 monas-

876 3122 1006 3175 terii
1029 3122 1155 3176 navi
1175 3123 1501 3194 impositam,
1520 3122 1591 3176 ad
1613 3120 1781 3175 alium
1804 3120 2071 3174 tutiorem
2095 3119 2276 3173 locum
2301 3118 2728 3173 transtulerunt:
2754 3137 2857 3192 ego
2881 3119 2900 3172 i
2965 3137 2996 3174 e
3019 3137 3170 3174 eram
3193 3139 3260 3174 ex

876 3193 1083 3246 ultimis
1116 3192 1209 3265 qui
1234 3211 1265 3246 e
1289 3200 1561 3246 conventu
1600 3209 1850 3264 egressus
1873 3209 2012 3256 sum,
2037 3197 2095 3244 et
2117 3190 2174 3243 in
2197 3190 2322 3244 navi
2345 3190 2441 3244 illa
2461 3190 2651 3262 fugam
2675 3191 2811 3261 cepi.
2933 3191 3004 3246 ed
3026 3191 3116 3245 hic
3141 3199 3262 3245 erat

874 3281 1063 3317 rerum
1087 3265 1265 3318 exitus
1288 3285 1302 3329 3
1332 3272 1629 3318 conventus
1651 3264 1709 3317 in
1732 3279 1843 3333 quo
1867 3273 1991 3316 erat
2025 3261 2166 3315 illud
2187 3260 2499 3345 praesidium
2527 3261 2781 3325 militum,
2805 3268 2997 3332 postea
3017 3262 3202 3316 statim
3223 3279 3262 3316 a

872 3333 1118 3406 principe
1140 3333 1421 3389 obsidione
1444 3333 1703 3406 cingitur,
1724 3342 1782 3387 et
1806 3333 1977 3405 Angli
2011 3332 2086 3385 ibi
2125 3339 2418 3386 existentes
2441 3331 2668 3386 nimium
2687 3341 3013 3400 arctantur-3
3055 3333 3260 3388 accidit

870 3413 1055 3461 autem
1078 3406 1187 3460 illis
1211 3423 1365 3460 casus
1389 3406 1754 3472 admirabilis3
1794 3423 1907 3458 una
1943 3404 2252 3475 eademque
2280 3403 2438 3471 hora,
2461 3403 2603 3474 ignis
2640 3413 2706 3458 ut
2741 3411 2974 3474 putatur
2999 3403 3259 3459 divinitus

870 3477 1099 3533 aedificia
1116 3485 1413 3532 conventus
1433 3476 1681 3547 corripit,
1696 3484 1752 3530 et
1764 3476 1969 3530 multos
1985 3474 2220 3528 militum
2240 3475 2527 3536 consumit,
2547 3481 2835 3545 totumque
2850 3483 3176 3530 conventum
3199 3484 3258 3531 et

870 3548 1153 3603 ecclesiam
1174 3547 1435 3612 incendit,
1450 3557 1507 3602 et
1524 3547 1677 3602 navis
1691 3565 1813 3619 quse
1839 3548 1896 3600 in
1913 3553 2140 3618 portum
2163 3545 2572 3616 ingrediebatur
2596 3546 2854 3600 victualia
2875 3546 2982 3600 illis
3006 3564 3108 3618 sup
3178 3548 3258 3602 di.

868 3627 1010 3683 tans,
1034 3622 1106 3674 ad
1131 3621 1415 3691 scopulum
1452 3619 1643 3674 collisa
1680 3627 1764 3672 est
1810 3635 1982 3685 casu3
2025 3616 2120 3688 qui
2155 3617 2578 3688 supervixerunt
2600 3634 2668 3670 ex
2691 3616 2888 3689 Anglis
2913 3617 3062 3671 intra
3083 3565 3256 3673 fopessas

869 3707 1003 3762 quas
1041 3691 1293 3746 fecerunt
1334 3708 1393 3744 se
1430 3691 1840 3756 continuerunt,
1881 3696 1942 3742 et
1981 3689 2055 3742 ad
2089 3687 2420 3742 deditionem
2445 3687 2630 3742 venire
2651 3688 3056 3759 disposuerunt,
3081 3689 3118 3744 d
3185 3709 3255 3745 ue

868 3763 1115 3816 articulis
1152 3762 1467 3816 tractabant
1505 3768 1562 3815 et
1590 3760 1996 3816 conditionibus
2020 3758 2329 3813 deditionis.
2403 3758 2442 3813 J
2443 3776 2530 3812 am
2554 3759 2844 3813 nuntiatur
2865 3759 3098 3843 principi
3185 3761 3254 3816 is-

867 3851 1037 3903 panos
1060 3834 1353 3888 auxiliares
1378 3833 1515 3886 duce
1540 3832 1616 3886 D.
1654 3831 1693 3886 J
1695 3849 1870 3886 oanne
1895 3831 1963 3885 de
1985 3830 2193 3902 Aquila
2217 3829 2543 3884 Kinisaliam
2569 3830 2625 3884 in
2651 3830 2935 3884 Momoma
2957 3831 3254 3898 advenisse,

868 3913 925 3958 et
964 3913 1231 3975 occupato
1274 3922 1307 3957 o
1345 3903 1476 3975 pido
1518 3903 1589 3958 ab
1628 3902 1901 3957 haereticis
1941 3902 2018 3955 ibi
2062 3900 2342 3955 obsidione
2365 3901 2543 3972 cingi:
2588 3907 2710 3955 tum
2747 3919 2859 3956 non
2883 3903 3254 3958 cunctandum

865 3983 1041 4038 ratus,
1076 3993 1139 4029 re
1186 3994 1221 4031 a
1256 3921 1345 4028 utiJ
1382 3973 1737 4046 Dunnangall
1778 3973 2000 4036 infecta,
2039 3972 2096 4025 in
2146 3971 2486 4026 Momoniam
2520 3973 2906 4045 proficiscitur,
2953 3973 3010 4026 in
3057 3973 3254 4030 itinere

901 4046 1097 4118 rincipi
1127 4046 1194 4101 O'
1255 4047 1361 4101 ello
1385 4052 1443 4100 et
1483 4045 1604 4099 aliis
1641 4061 1991 4108 occursurus,
2031 4052 2098 4097 ut
2138 4043 2302 4097 simul
2342 4060 2527 4097 omnes
2553 4043 2814 4115 Hispanis
2838 4063 2872 4100 o
3019 4043 3246 4100 ferrent.

912 4119 982 4171 ed
1003 4136 1181 4190 neque
1218 4117 1483 4172 Kinsaliae
1521 4133 1613 4170 res
1648 4115 1786 4170 bene
1828 4117 2224 4178 successerunt,
2267 4121 2430 4184 atque
2463 4115 2545 4169 ita
2569 4113 2802 4186 Hispani
2921 4115 3251 4171 deditionem

864 4188 1041 4243 coacti
1064 4197 1210 4253 sunt,
1232 4189 1503 4260 rebusque
1547 4186 1961 4242 catholicorum
2003 4187 2084 4241 ita
2105 4183 2408 4257 profligatis
2431 4184 2680 4256 princeps
2707 4185 3018 4240 O’Donnell
3039 4187 3097 4240 in
3120 4187 3252 4241 His-

860 4261 1081 4331 paniam
1104 4277 1162 4314 se
1185 4260 1419 4314 contulit
1441 4275 1691 4331 annoque
1730 4257 1976 4329 sequenti
2019 4259 2156 4311 1602
2181 4255 2365 4311 omnia
2384 4257 2507 4310 loca
2529 4256 2613 4310 sui
2639 4256 2866 4311 dominii
2889 4259 2946 4312 in
2968 4257 3248 4314 haeretieo-

862 4349 989 4386 rum
1010 4339 1341 4404 potestatem
1388 4331 1744 4392 devenerunt,
1786 4335 1845 4382 et
1881 4329 2026 4384 inter
2049 4333 2252 4383 caetera
2274 4343 2399 4399 quoe
2423 4327 2499 4380 ibi
2523 4327 2825 4398 perierunt,
2851 4329 3129 4400 suppellex
3151 4329 3248 4384 illa

862 4403 1229 4458 ecelesiastica
1250 4409 1548 4458 conventus
1572 4402 1640 4456 de
1665 4399 2024 4472 Dunnangall
2047 4399 2157 4453 fuit
2215 4399 2376 4454 roedae
2404 4398 2627 4454 Olivero
2655 4399 2954 4453 Lamberto
2975 4400 3248 4471 guberna-

862 4476 973 4528 tori
1000 4473 1251 4530 Oonaeioe
1276 4492 1343 4530 ex
1378 4481 1540 4558 parte
1578 4473 1967 4528 hereticorum
1988 4471 2082 4543 qui
2121 4487 2152 4524 c
2227 4487 2318 4525 ces
2351 4470 2410 4523 in
2447 4470 2648 4542 cyphos
2671 4469 2930 4556 profanos
2955 4473 3249 4554 convertit,

860 4555 917 4599 et
956 4560 1133 4600 vestes
1170 4563 1349 4600 sacras
1390 4561 1447 4599 m
1486 4545 1731 4599 diversos
1766 4541 2027 4614 profanos
2067 4559 2198 4596 usus
2239 4540 2633 4596 convertendos
2671 4541 2845 4595 scindi
2879 4549 2936 4594 et
2957 4540 3250 4598 dilacerari

860 4618 1093 4682 curavit,
1118 4624 1174 4671 et
1197 4617 1276 4670 sic
1311 4623 1429 4670 tum
1453 4615 1472 4668 i
1592 4621 1890 4669 conventus
1925 4619 2048 4667 tum
2089 4613 2264 4667 omnis
2305 4612 2584 4684 suppellex
2615 4611 2734 4681 ejus
2756 4612 2936 4683 periit.
3011 4611 3250 4670 Fratres

860 4693 1044 4770 autem
1066 4705 1238 4772 usque
1275 4687 1335 4770 in
1373 4686 1447 4741 ho
1506 4703 1703 4771 arnum·
1740 4686 1886 4740 diem
1927 4685 2118 4770 viv-unt
2158 4691 2277 4767 tum
2294 4701 2416 4768 'per
2458 4682 2682 4738 modum
2724 4682 3168 4770 congregatian
3189 4687 3249 4742 in

860 4755 993 4809 loeis
1016 4774 1187 4829 magis
1216 4764 1352 4812 tutis
1376 4757 1523 4812 infra
1542 4763 1807 4812 terminos
1832 4764 1890 4811 et
1913 4755 2112 4810 hmtes
2152 4755 2431 4808 districtos
2469 4760 2786 4817 conventus,
2809 4771 2910 4808 nec
2935 4753 3116 4810 defuit
3137 4757 3252 4813 nnis

858 4843 1071 4896 semper
1092 4843 1221 4882 suus
1244 4828 1577 4900 gum-dianus
1619 4836 1675 4883 et
1716 4843 1977 4882 numerus
2017 4827 2090 4881 ad
2127 4826 2306 4880 minus
2354 4828 2418 4878 12
2443 4823 2699 4886 fratrum,
2771 4825 2962 4898 Aliqui
2985 4825 3154 4882 etiam
3179 4847 3248 4884 ex
