3634 5842
337 744 468 803 111‘13.
515 736 636 821 1v.]
946 756 1232 803 mmmm
1277 758 1394 803 sus
1438 756 1851 817 sumamus,
1896 758 2041 803 ron.
2088 758 2164 803 11.
2596 740 2719 804 115

333 907 644 975 Exanimis
671 907 1050 975 Theobaldus
1078 933 1152 975 ex
1179 932 1334 997 equo
1363 911 1500 975 cum
1527 912 1761 990 ruisset,
1792 910 1983 976 Burki
2008 912 2159 977 vado
2202 912 2422 977 cedunt
2443 939 2463 991 3
2510 911 2723 977 deinde

331 996 373 1060 J
373 997 532 1062 aimo
559 1002 813 1083 urgente
841 1018 904 1062 se
931 997 1092 1083 fugae
1120 998 1424 1063 mandant.
1455 996 1821 1084 Fugientum
1836 999 2019 1085 tergis
2046 998 2089 1063 J
2089 1000 2279 1063 aimus
2310 1000 2509 1064 haeret.
2556 998 2719 1064 Peri-

331 1088 509 1147 erunt
538 1105 612 1149 ex
639 1082 864 1147 Burkis
891 1105 1031 1149 cum
1074 1084 1416 1151 Theobaldo
1461 1084 1631 1163 duce,
1677 1106 1823 1149 suus
1872 1086 2053 1151 frater
2082 1086 2373 1151 Ricardus
2400 1093 2463 1151 et
2491 1085 2718 1151 Guliel.

331 1192 465 1234 mus
514 1170 760 1235 Burkus
810 1192 1010 1256 eques).
1097 1170 1340 1258 Ulligus
1392 1191 1630 1259 quoque
1677 1172 1859 1237 frater
1907 1174 2118 1238 tertius
2160 1173 2455 1239 lethaliter
2483 1174 2719 1239 saucius

329 1258 634 1322 sternitur.
722 1256 1046 1323 Edmundo
1075 1257 1490 1325 O'Melrianno
1519 1260 1719 1345 equite
1765 1259 1977 1324 oculus
2010 1260 2298 1345 eripitur:
2343 1260 2607 1360 plerique
2624 1260 2719 1325 vel

327 1344 433 1409 icti
459 1344 726 1429 fugiunt,
755 1344 849 1409 vel
877 1346 1120 1411 omnino
1167 1346 1592 1412 desiderantur.
1681 1346 1778 1410 Ex
1828 1346 2013 1411 altera
2061 1352 2241 1432 parte
2272 1345 2315 1410 J
2316 1369 2505 1412 aimus
2556 1346 2718 1412 solus

326 1438 466 1496 ante
516 1432 694 1497 horas
739 1442 848 1495 sex'
891 1454 967 1497 ex
1014 1439 1256 1519 accepto
1304 1433 1548 1498 vulnere
1587 1433 1860 1511 moritur,
1890 1434 2055 1518 prius
2098 1432 2347 1519 expiatis
2438 1435 2652 1498 eccatis
2682 1456 2718 1498 a

327 1518 649 1598 sacerdote,
709 1540 888 1604 quem
945 1542 1144 1585 secum
1195 1518 1518 1586 habebatc*
1625 1517 1855 1584 Milites
1910 1519 2250 1584 octodecem
2454 1526 2729 1599 ematur,-

324 1626 580 1690 quorum
621 1664 626 1671 .
668 1604 914 1671 Gibbon
970 1606 1315 1672 Giraldinus
1387 1628 1458 1672 co
1543 1612 1782 1671 omento
1863 1605 1931 1670 N
1929 1606 2091 1691 igern
2170 1606 2498 1671 octodecim
2582 1606 2713 1669 vul·
2738 1625 2881 1697 [95.]

325 1690 570 1757 neribus
641 1692 886 1757 affectus
951 1693 1018 1757 in
1085 1693 1364 1758 fruticeto
1409 1628 1766 1777 relitiquinu
1834 1691 2181 1773 absconsus,
2227 1692 2335 1758 ubi
2393 1692 2468 1758 ab
2527 1692 2716 1757 amico

326 1778 608 1864 ehimrgo
656 1779 809 1844 clam
859 1785 1119 1860 curatur,
1172 1780 1276 1865 qui
1324 1802 1462 1845 cum
1513 1778 1870 1857 discedebat,
1914 1778 2096 1866 lupus
2125 1802 2199 1845 ex
2227 1779 2405 1865 sylvis
2432 1780 2716 1865 proximis
2784 1834 2796 1847 .

325 1865 570 1931 veniens
598 1872 794 1931 vetera
821 1871 884 1931 et
909 1866 1126 1953 rejecta
1153 1866 1488 1953 amplastra,
1507 1888 1672 1952 pure,
1697 1867 2105 1952 sanguineque
2132 1866 2351 1932 infecta
2377 1866 2716 1945 mandebat‚

327 1952 673 2019 derelictum
700 1974 933 2039 oegrum
959 1974 1286 2040 numquam
1316 1975 1647 2040 aggressus
1734 1952 1951 2019 Caeteri
1977 1960 2296 2039 postquam
2324 1953 2537 2019 ducem
2564 1952 2716 2018 Gad-

328 2060 460 2117 meo
489 2040 808 2106 certamine
851 2040 1132 2105 amissum
1183 2063 1246 2106 se
1287 2042 1596 2119 eliverunt,
1626 2040 1700 2106 ad
1732 2039 1775 2104 J
1776 2040 2069 2105 ohannem
2122 2039 2499 2105 Giraldinum
2526 2062 2717 2104 rever-

327 2133 558 2192 tuntur.
645 2125 745 2191 Ob
773 2126 937 2192 hunc
982 2150 1187 2193 casum
1281 2127 1683 2194 astelconnelli
1729 2127 2008 2192 dominus
2039 2127 2305 2193 defuncti
2352 2148 2655 2192 successor
2683 2148 2719 2192 a

326 2214 532 2299 regina
557 2212 702 2279 baro
729 2220 980 2280 creatur.

413 2300 660 2366 Nuncio
705 2301 957 2367 extincti
1008 2300 1051 2365 J
1051 2300 1191 2366 aimi
1239 2300 1437 2381 allate,
1489 2300 1756 2387 plerique
1783 2300 1990 2367 Iberni
2019 2302 2147 2387 ejus
2176 2300 2556 2366 consiliorum
2586 2322 2719 2386 par-

327 2386 533 2473 ticipae
583 2410 688 2473 spe
737 2387 1012 2453 destituti
1058 2410 1220 2453 arma
1263 2388 1554 2455 movenda
1599 2389 1944 2453 omiserunt.
2036 2386 2417 2453 Sebastianus
2462 2388 2583 2452 San
2612 2386 2651 2451 J
2654 2409 2718 2451 o-

324 2474 548 2623 Ἥὲἷιῗέ
589 2474 811 2645 ἷῖἷῗέι
833 2475 1560 2646 ξῖὤῖἰςὲἶωᾛβᾞὲ
1614 2475 2083 2645 ἕέἓίἓὲἒῖῗὲ
2120 2473 2714 2645 affiissssffffffiss

323 2644 684 2712 Ibernorum
732 2646 960 2710 animos
987 2646 1280 2711 solicitat:
1325 2647 1572 2712 Thomae
1620 2646 1897 2711 Buttlero
1940 2646 2145 2711 comiti
2185 2645 2513 2724 Urmoniae‚
2563 2646 2715 2710 Des-

325 2730 546 2797 monioe
603 2731 952 2796 comitatum
997 2731 1260 2816 pollicita
1309 2732 1490 2798 fuisse
1539 2733 1745 2811 fertur,
1776 2734 1829 2797 si
1875 2733 2055 2818 quam
2102 2730 2401 2797 celerrime
2446 2732 2719 2797 conficiat

321 2817 569 2917 bellum.
655 2816 1001 2903 Eugenium
1029 2817 1492 2883 O'Sullevanum
1520 2819 1755 2918 Bearrae
1782 2818 2109 2918 principem
2136 2826 2417 2904 patruum
2450 2821 2714 2896 meum‚†

323 2926 596 3071 ffizff
617 2902 2716 3092 ἓξὲᾚιἕοέἒῖὥῗηωῒεῖηὲωὲῑῗῗὲίέᾚὶῖᾚὲἔᾬῗῗηῗῗέῗῗΐ

322 3078 504 3158 illius,
535 3078 730 3164 capite
757 3077 1032 3163 praesrdio
1050 3078 1338 3145 collocato
1379 3078 1649 3145 Fentone
1678 3079 1900 3165 Ang10.
1988 3079 2203 3165 Itaque
2232 3079 2450 3144 Greius
2478 3078 2717 3165 Anglus

324 3164 582 3231 Iberniae
651 3186 823 3231 rorex
853 3186 990 3231 cum
1020 3164 1312 3231 Urmonio
1343 3168 1577 3245 comite,
1609 3166 1856 3253 aliisque
1903 3166 2285 3232 auxiliaribus
2314 3166 2550 3231 Ibernis
2580 3166 2722 3231 alio-

324 3253 472 3337 quin
498 3188 842 3332 Catholicis,
887 3251 1142 3318 maxime
1191 3252 1658 3339 Anglo-Ibernis
1689 3254 1942 3319 Midhiis
1972 3259 2034 3319 et
2061 3254 2281 3340 Anglis
2313 3255 2457 3333 suis,
2490 3254 2721 3319 circiter

322 3338 506 3417 mille,
535 3339 1014 3425 quingentosque
1040 3340 1258 3406 milites
1287 3347 1607 3427 comparat,
1638 3342 1839 3426 copias
1866 3340 2111 3407 minime
2138 3340 2361 3406 validas
2389 3341 2464 3406 ad
2494 3362 2718 3427 expug-

321 3426 626 3491 nationem
653 3432 837 3492 tantae
863 3427 1232 3507 munitionis,
1253 3436 1477 3514 quanta
1497 3433 1622 3493 erat
1650 3429 1923 3493 Aureum
1948 3428 2407 3493 munimentum.
2495 3428 2737 3503 Tamen⁴

321 3534 458 3577 cum
509 3512 628 3577 illis
679 3519 741 3577 et
791 3512 1023 3579 duabus
1073 3521 1176 3579 aut
1221 3514 1418 3580 tribus
1457 3514 1710 3581 navibus
1754 3515 2035 3580 onerariis
2080 3514 2493 3580 Sebastianum
2542 3515 2717 3591 terra,

323 3599 592 3685 marique
635 3599 862 3685 duplici
894 3598 1205 3666 obsidione
1231 3602 1432 3680 vallat,
1479 3602 1782 3686 dispositis
1809 3601 2124 3666 tormentis
2175 3622 2565 3687 oppugnans:
2614 3620 2719 3684 op-

322 3686 752 3772 pugnationem
778 3686 954 3752 nihili
997 3686 1294 3753 faciebant
1335 3695 1826 3774 propugnatores,
1857 3710 1981 3751 non
2010 3687 2203 3751 solum
2232 3686 2720 3751 machinamentis

323 3778 385 3838 et
436 3772 616 3838 armis
663 3774 1128 3851 instructissimi,
1161 3774 1264 3839 sed
1293 3775 1472 3839 etiam
1514 3775 1730 3838 natura
1763 3773 1880 3838 loci
1906 3773 2315 3837 munitissimi.
2403 3772 2445 3835 J
2447 3794 2537 3837 am
2612 3794 2719 3836 ua·

323 3859 598 3946 draginta
647 3859 882 3925 circiter
931 3860 1098 3942 dies‡
1149 3859 1462 3926 haereticus
1511 3859 1949 3925 munimentum
2016 3864 2448 3924 tormentorum
2496 3858 2604 3924 icti
2646 3880 2719 3924 us

325 3947 546 4012 frustra
567 3946 854 4026 verberat,
887 3946 1040 4012 vires
1067 3947 1366 4011 incassum
1397 3945 1755 4027 diffundens,
1783 3945 2010 4033 hyemis
2038 3946 2415 4014 inclementia
2444 3965 2715 4033 quassus,

323 4034 388 4099 in
436 4040 624 4112 vast0,
679 4034 1031 4119 desertoque
1075 4054 1203 4098 cam
1248 4056 1304 4113 0,
1349 4033 1476 4098 sine
1519 4031 1746 4099 sedibus
1797 4034 1910 4097 sub
1952 4033 2158 4119 paucis
2202 4033 2471 4099 tentoriis
2499 4038 2714 4097 castra-

323 4126 620 4187 metatus:
667 4119 742 4186 ab
772 4119 1007 4186 Ibernis
1051 4120 1176 4185 invi
1281 4120 1486 4186 tractis
1516 4118 1930 4186 deserebatur:
1976 4120 2205 4207 aliquos
2233 4120 2464 4205 Anglos
2492 4118 2717 4184 machi-

387 4340 424 4374 θ
459 4334 577 4390 For
601 4342 862 4391 accounts
885 4334 953 4391 of
985 4336 1094 4392 this
1130 4353 1196 4389 en
1237 4343 1505 4407 agement‚
1532 4336 1787 4406 differing
1809 4335 1867 4388 in
1892 4335 2062 4407 slight
2085 4335 2414 4405 particular-s
2437 4334 2583 4389 from
2609 4354 2712 4390 our

323 4412 460 4472 text,
485 4424 576 4461 see
603 4406 988 4462 O'Donovan's
1023 4407 1180 4461 Foru·
1197 4353 1480 4469 masters,
1515 4425 1571 4478 p.
1617 4409 1771 4465 1717.
1840 4406 2023 4459 There
2046 4405 2091 4459 is
2116 4424 2151 4459 a
2184 4406 2338 4475 place
2362 4404 2540 4460 called
2564 4406 2711 4461 Bho-

323 4492 472 4540 recu,
494 4476 623 4531 four
641 4496 707 4535 or
729 4478 834 4533 five
849 4478 1006 4533 miles
1028 4478 1190 4533 south
1201 4486 1330 4533 east
1350 4478 1416 4531 of
1426 4478 1721 4532 Limerick.
1799 4474 1858 4529 It
1880 4494 2009 4539 was,
2026 4476 2307 4561 probably,
2333 4484 2391 4530 at
2416 4494 2563 4530 some
2584 4475 2712 4533 ford

327 4564 456 4600 over
479 4548 576 4602 the
597 4550 746 4605 river
770 4550 1066 4613 Mulcairn,
1091 4549 1268 4603 which
1292 4565 1424 4602 runs
1467 4548 1710 4620 through
1753 4547 1877 4600 that
1902 4546 2138 4609 district,
2178 4546 2301 4601 that
2342 4547 2710 4605 Fitzmaurice

325 4634 436 4671 was
458 4618 648 4688 killed,
672 4626 756 4676 iae.
781 4620 922 4675 Beal
948 4629 1042 4675 ata
1063 4638 1134 4675 an
1157 4620 1376 4675 Bhorin
1398 4642 1410 4672 z
1441 4620 1828 4690 Barrington’s
1854 4618 2065 4689 Bridge
2086 4624 2109 4669 ?

395 4690 425 4757 †
465 4688 614 4744 AJ).
645 4695 801 4745 1580.
876 4691 1032 4745 Four
1059 4690 1309 4748 masters.
1387 4690 1526 4755 Oox,
1549 4710 1604 4763 p.
1633 4693 1754 4743 366.

353 4760 624 4883 hssfFour
649 4763 797 4835 days,
825 4762 1066 4820 eamden.
1143 4762 1264 4817 The
1288 4762 1444 4817 Four
1489 4764 1725 4817 Masters
1753 4762 1823 4815 do
1862 4768 1957 4815 not
2002 4760 2243 4815 mention
2280 4780 2381 4833 any
2408 4760 2627 4817 defense
2653 4762 2719 4817 of

327 4836 352 4882 t
391 4846 420 4884 e
467 4838 576 4885 ort.
