3634 5842
876 739 961 798 44
1330 735 1742 794 o'suLanAm
1773 747 2087 792 msromm
2118 743 2514 802 cunonem,
2542 741 2685 788 rou.
2718 745 2764 788 1.
2972 720 3126 804 [ma.
3176 748 3275 794 1v,

879 906 1273 972 nasteriorum
1323 902 1605 967 fundator
1649 900 1915 964 extitisse
1986 899 2227 964 feratur.
2366 898 2549 970 Quod
2600 899 2819 965 idcirco
2880 899 3129 966 dixerim
3198 909 3269 966 ut

881 1017 953 1057 ex
985 993 1095 1058 hoc
1139 1012 1263 1055 uno
1304 989 1579 1074 conjiciat
1618 987 1821 1064 lector,
1854 1009 2032 1071 quam
2060 987 2272 1070 ingens
2292 986 2473 1050 fuerit
2502 981 3070 1072 reliqua'multitudo
3104 1016 3118 1053 ι
3166 989 3265 1054 de-

883 1081 1078 1164 nique
1135 1077 1224 1141 ita
1245 1076 1568 1152 Iberniam,
1629 1074 2007 1157 Scotiamque
2059 1073 2504 1158 compleverunt
2547 1073 2847 1158 genimina
2908 1075 3035 1160 ejus
3078 1082 3149 1139 ut
3200 1099 3271 1141 ea

883 1165 1258 1250 potissimum
1329 1169 1598 1246 tempora
1668 1159 1944 1225 Davidici
1999 1159 2090 1224 illi
2146 1159 2419 1224 versiculi
2488 1161 2865 1244 praecinuisse
2936 1162 3268 1228 videantur.

882 1251 1040 1318 Psal.
1075 1255 1178 1330 64,
1227 1255 1270 1285 “
1291 1249 1539 1313 visitasti
1569 1255 1782 1312 terram
1815 1255 1877 1311 et
1919 1245 2223 1311 inebriasti
2266 1269 2413 1326 eam,
2460 1246 2868 1332 multiplicasti
2908 1249 3271 1336 locupletare

886 1338 1079 1405 eam.”
1165 1336 1358 1402 Addit
1407 1335 1567 1400 illico
1613 1341 1653 1369 “
1677 1333 1754 1399 In
1811 1341 2041 1398 exteras
2084 1333 2354 1398 nationes
2419 1334 2589 1418 quasi
2644 1335 3034 1401 inundatione
3092 1337 3266 1415 facta,

883 1427 988 1491 illa
1017 1447 1077 1489 se
1107 1431 1448 1489 sanctorum
1476 1422 1746 1486 examina
1787 1421 2093 1498 fuderunt,
2123 1443 2157 1483 e
2187 1419 2401 1506 quibus
2431 1421 2507 1486 ad
2536 1421 2642 1485 has
2669 1427 2903 1486 nostras
2934 1423 3271 1489 Gallicanas

887 1521 1103 1600 partes,
1135 1509 1460 1576 ascendens
1487 1507 1895 1574 Columbanus
1924 1507 2300 1572 Luxoviense
2328 1508 2661 1572 construxit
2688 1511 3131 1589 monasterium,
3150 1512 3245 1576 fac

889 1609 986 1665 tus
1014 1599 1102 1665 ibi
1129 1599 1190 1662 in
1224 1603 1465 1684 gentem
1489 1595 1833 1681 magnam.'’
1923 1594 2067 1659 Huc
2096 1599 2327 1680 spectat
2370 1593 2614 1659 Hem-ici
2660 1595 3167 1662 Antisiodorensis
3198 1598 3272 1663 de

721 1694 864 1762 [41-]
887 1687 1083 1752 insula
1127 1691 1332 1750 nostra
1378 1683 1639 1768 elogium
1684 1683 1749 1747 in
1793 1680 2067 1768 Epistola
2116 1681 2192 1746 ad
2242 1681 2520 1746 Carolum
2578 1681 2933 1766 Magnumn
3046 1691 3089 1720 “
3106 1685 3271 1756 Quid

889 1775 1191 1841 Iberniam
1219 1793 1541 1837 memorem
1569 1775 1916 1855 contempto
1944 1767 2141 1856 pelagi
2184 1768 2519 1834 discrimine
2546 1775 2733 1832 totam
2764 1791 2900 1834 cum
2930 1794 3110 1858 grege
3138 1772 3271 1859 phi·

889 1862 1273 1947 losophorum
1303 1857 1380 1923 ad
1405 1857 1609 1922 littora
1635 1862 1841 1922 nostra
1868 1857 2241 1940 migrantem,
2274 1877 2526 1941 quorum
2552 1855 2800 1941 quisque
2872 1859 3073 1923 eritior
3114 1859 3273 1925 ultro

891 1948 1006 2014 sibi
1033 1947 1245 2012 indicit
1274 1945 1515 2010 exilium
1537 1943 1609 2008 Ρ”
1700 1943 1888 2007 Jonas
1917 1941 2123 2006 Abbas
2165 1942 2251 2007 ita
2291 1949 2545 2007 testatur
2579 1943 2644 2007 in
2674 1945 2796 2008 vita
2852 1947 2886 2008 ³.
2919 1945 3276 2011 Columbani

893 2042 937 2071 “
959 2036 1126 2100 Gens
1172 2037 1262 2097 est
1309 2052 1648 2118 quanquam
1699 2028 1804 2094 abs
1846 2051 1923 2093 ue
1966 2029 2328 2114 reliquarum
2378 2029 2649 2115 gentium
2696 2029 2949 2116 legibue,
2980 2035 3275 2099 tamenin

893 2121 1215 2186 Christiani
1243 2119 1464 2204 vigoris
1494 2116 1771 2203 dogmate
1844 2137 2052 2180 orens:
2100 2117 2369 2181 omnium
2410 2117 2738 2181 vicinarum
2782 2121 3054 2204 gentium
3096 2121 3274 2186 fidem

893 2204 1261 2295 praepollet-'³
1351 2203 1659 2269 Marianus
1691 2203 1906 2268 Scotus
1936 2202 2000 2266 in
2028 2201 2445 2288 Chronologia.
2537 2208 2580 2238 “
2601 2202 2841 2270 Ibernia
2867 2206 3065 2272 insula
3092 2208 3273 2274 Sanc-

891 2297 988 2373 tis,
1042 2300 1104 2359 et
1149 2289 1519 2357 mirabilibus
1567 2291 1710 2355 viris
1755 2289 2130 2376 perplurimis
2172 2289 2350 2374 plena
2391 2289 2705 2356 habetur.”
2795 2291 3003 2358 Surius
3031 2300 3177 2360 tom.
3212 2299 3273 2361 3.

900 2389 940 2418 “
958 2381 1158 2447 Scotia
1187 2401 1319 2465 quae
1347 2383 1408 2442 et
1438 2377 1676 2443 Ibernia
1708 2376 1928 2441 dicitur
1973 2374 2183 2440 fertilis
2226 2383 2564 2442 sanctorum
2616 2377 2812 2444 insula
2862 2386 2924 2445 et
2974 2381 3277 2447 stellarum

891 2489 1206 2534 numerum
1295 2487 1438 2551 rope
1467 2487 1707 2549 aequans
1744 2463 2087 2550 patrociniis
2138 2469 2496 2542 sanctorum,
2539 2463 2606 2528 in
2650 2466 2976 2532 multorum
3026 2469 3280 2534 salutem

893 2555 1176 2642 produxit
1289 2553 1537 2617 ironem.
1628 2557 1671 2587 “
1686 2550 1989 2616 Batonius
2018 2549 2318 2636 quoque,”
2350 2573 2526 2616 anuo.
2562 2553 2751 2632 1033,
2782 2553 2867 2618 N.
2900 2557 3005 2620 48.
3086 2556 3279 2622 “Fuit

893 2667 999 2730 per
1026 2642 1089 2707 id
1133 2655 1369 2726 tempus
1411 2641 1476 2703 in
1505 2638 1746 2704 Ibernia
1775 2637 2115 2716 Arda-icus,
2147 2639 2249 2722 qui
2290 2659 2569 2724 magnam
2600 2639 2675 2705 de
2702 2664 2766 2705 se
2796 2643 3125 2709 sanctitatis
3154 2644 3279 2730 opi-

895 2732 1136 2795 nionem
1182 2727 1596 2793 concitaverat.
1687 2725 1811 2790 Ubi
1863 2732 2131 2812 repertus
2182 2732 2273 2789 est
2324 2749 2357 2791 a
2400 2727 2653 2812 receptis
2678 2729 2745 2792 in
2772 2728 3040 2795 Ecclesia
3066 2730 3283 2796 ritibus

896 2817 1224 2893 dissentire,
1255 2814 1331 2880 ab
1359 2814 1556 2879 insula
1582 2813 1957 2878 tenacissima
1976 2811 2298 2878 Catholicoe
2322 2812 2461 2877 fidei
2492 2814 2715 2899 ejectus
2744 2815 2897 2880 est.''
2964 2817 3281 2884 Theoderi-

896 2905 1042 2971 cus''
1067 2906 1129 2968 in
1150 2903 1269 2968 vita
1293 2902 1353 2968 S.
1377 2901 1714 2966 Romualdi.
1770 2899 2021 2964 “Insula
2042 2901 2199 2964 sicut
2226 2901 2389 2964 omni
2409 2906 2697 2966 terrarum
2720 2901 2911 2986 glebae
2931 2903 3280 2985 foecundior,

895 2995 982 3056 ita
1003 2996 1344 3056 sanctorum
1373 2987 1630 3072 gloriosa
1651 2987 2029 3072 simplicitate
2047 2985 2341 3051 beatior.”
2413 2986 2773 3052 Trithemius
2802 2987 2910 3053 lib.
2940 2993 3003 3054 4.
3036 2991 3112 3055 de
3140 2993 3283 3058 viris

898 3076 1263 3152 Illustribus,
1295 3098 1348 3138 c.
1382 3076 1527 3139 172.
1620 3079 1662 3107 “
1679 3074 1935 3138 Sanctus
1964 3072 2243 3137 Kilianus
2274 3072 2611 3138 Monachus
2656 3073 2923 3138 Huensis
2950 3077 3014 3141 in
3044 3077 3287 3145 Ibernia

900 3179 960 3229 et
989 3163 1324 3310 Episcopus
1357 3158 1808 3244 Hiperbolensis
1837 3159 1903 3222 in
1932 3157 2281 3236 Francouia„
2316 3158 2401 3222 vir
2431 3158 2642 3223 doctus
2670 3167 2732 3223 et
2762 3160 3035 3241 Sanctus,
3065 3165 3285 3249 praedi-

901 3257 1065 3314 cator
1113 3269 1214 3311 ver
1256 3247 1277 3309 i
1328 3246 1444 3310 Dei
1496 3245 1764 3323 eximius,
1811 3244 2054 3308 veniens
2102 3245 2176 3308 de
2218 3244 2416 3309 Scotia
2465 3245 2529 3308 in
2560 3243 2935 3312 Germaniam
2968 3258 3285 3336 postquam

903 3335 1127 3401 multos
1156 3355 1264 3397 sua
1293 3331 1694 3418 predicatione
1723 3331 2019 3395 convertit
2048 3330 2123 3394 ad
2165 3330 2363 3410 fidem,
2386 3333 2665 3416 martyrio
2694 3332 3051 3416 rubricatus,
3082 3361 3285 3405 ascen-

905 3425 994 3490 dit
1043 3421 1119 3487 ad
1169 3419 1380 3484 caelum
1433 3419 1614 3482 Anno
1659 3417 1927 3482 Domini.
1982 3416 2172 3497 680,”
2238 3416 2407 3482 Idem
2458 3418 2599 3483 alibi
2643 3419 2717 3484 de
2760 3420 2901 3486 viris
2946 3423 3064 3490 illis
3094 3425 3287 3491 tribus

904 3508 1144 3576 ordinis·
1188 3508 1250 3571 S.
1303 3503 1594 3571 Ber-nardi
1647 3509 1689 3538 “
1711 3504 2101 3568 Adamnanus
2159 3502 2365 3569 Abbas
2410 3504 2782 3585 Monasterii,
2844 3511 3007 3597 quod
3062 3513 3285 3579 Beatus

905 3597 1138 3674 Colum,
1171 3593 1316 3659 olim
1357 3593 1424 3656 in
1451 3591 1650 3656 insula
1681 3591 1792 3655 Hu
1820 3589 2097 3655 fundavit
2123 3592 2189 3656 in
2218 3590 2479 3670 Ibernia,
2511 3595 2602 3658 vir
2652 3593 2886 3676 doctus,
2928 3605 2989 3663 et
3025 3606 3283 3678 sanctus,

905 3693 968 3751 et
996 3691 1162 3770 pater
1212 3679 1540 3744 multorum
1585 3677 2015 3744 monachorum
2044 3679 2187 3758 vita,
2229 3678 2646 3765 praedicatione
2694 3684 3063 3750 sanctissima
3103 3686 3287 3772 pluri·

907 3795 1066 3838 mam
1115 3773 1346 3856 partem
1383 3765 1704 3832 Scotorum
1749 3766 1814 3830 in
1844 3764 2087 3830 Ibernia
2128 3771 2191 3830 et
2218 3767 2396 3830 etiam
2425 3766 2748 3834 Britonum
2778 3770 2844 3835 in
2872 3771 3184 3839 Britannia
3212 3771 3289 3838 ad

911 3859 1178 3925 debitum
1250 3853 1498 3919 aschalis
1529 3851 1886 3918 celebritatis
1916 3857 2152 3938 tempus
2181 3851 2478 3917 reduxit.”
2566 3854 2752 3935 Beda,
2782 3858 2849 3923 in
2878 3858 3290 3925 Ecclesiastica

907 3943 1174 4021 historia,
1227 3941 1310 4006 ib.
1343 3940 1448 4005 33³
1537 3945 1578 3975 “
1600 3939 1774 4004 Idem
1822 3961 1963 4025 ergo
2010 3939 2323 4004 Oswaldus
2372 3962 2531 4020 mox,
2580 3942 2685 4006 ubi
2730 3966 2982 4030 regnum
3032 3947 3291 4032 suscepit

911 4032 1252 4098 desiderans
1281 4031 1470 4092 totam
1502 4027 1598 4091 cui
1628 4049 1877 4112 praeesse
1907 4026 2082 4111 caepit
2126 4031 2386 4112 gentem,
2416 4028 2553 4092 fidei
2584 4029 2936 4098 Christianae
2964 4036 3154 4118 gratia
3180 4035 3292 4098 im-

910 4120 1035 4198 bui,
1065 4117 1236 4202 cujus
1265 4114 1666 4200 experimenta
1694 4113 1950 4178 maxima
1989 4114 2053 4177 in
2096 4115 2508 4198 expugnandis
2537 4116 2798 4182 barbaris
2826 4126 3100 4206 coeperat,
3132 4120 3291 4186 misit

913 4211 990 4275 ad
1017 4205 1268 4290 majores
1316 4208 1464 4266 natu
1504 4201 1819 4264 Scotorum
1867 4201 2024 4264 inter
2074 4222 2223 4285 quos
2270 4201 2515 4266 exulans
2544 4203 2671 4288 ipse
2700 4203 3075 4290 baptismatis
3104 4231 3291 4273 sacra-

913 4303 1116 4362 menta
1144 4311 1282 4356 cum
1309 4288 1421 4366 his,
1455 4287 1558 4371 qui
1589 4309 1788 4351 secum
1841 4293 1983 4364 erat,
2037 4287 2346 4367 militibus,
2396 4297 2749 4355 consecutus
2799 4301 2944 4373 erat,
2988 4301 3198 4380 petens
3226 4302 3297 4359 ut

913 4383 1028 4449 sibi
1057 4380 1390 4445 mitteretur
1419 4374 1709 4454 Antiates,
1760 4375 1931 4460 cujus
1962 4373 2231 4440 doctrina
2259 4381 2320 4440 et
2348 4375 2693 4454 ministeriu,
2724 4400 2890 4462 gene,
2924 4403 3102 4465 quam
3130 4403 3294 4468 rege-

915 4471 1019 4536 bat
1047 4465 1404 4550 Anglorum,
1459 4461 1790 4526 Dominicae
1821 4460 1985 4540 fidei,
2018 4469 2077 4526 et
2130 4461 2287 4526 dona
2324 4461 2575 4527 disceret
2624 4469 2686 4527 et
2737 4467 3062 4552 susciperet
3108 4491 3297 4534 sacra-

915 4563 1135 4623 menta.
1203 4549 1336 4614 Nec
1367 4547 1671 4634 aliquanto
1700 4547 1949 4627 tardiuS,
1982 4547 2144 4634 quod
2173 4549 2349 4634 petiit
2376 4549 2751 4633 impetravit:
2785 4556 3011 4640 accepit
3040 4578 3297 4641 namque

914 4642 1258 4730 pontificem
1288 4636 1611 4714 Aidanum,
1643 4657 1892 4700 summae
1922 4635 2397 4700 mansuetudinis
2428 4643 2488 4699 et
2518 4637 2757 4721 pietatis
2779 4662 2848 4704 ac
2878 4643 3297 4708 moderaminis

917 4733 1129 4806 virum,
1161 4723 1590 4806 habentemque
1651 4723 1845 4786 zelum
1884 4721 2062 4786 Dei.”
2154 4722 2311 4786 Item
2356 4723 2546 4806 capite
2599 4734 2883 4809 sequente
2929 4734 2971 4764 “
2992 4729 3300 4816 Siquidem

919 4839 1074 4884 anno
1120 4809 1556 4880 Incarnationis
1599 4807 1949 4888 Dominicae,
2004 4808 2477 4893 quingentesimo
2526 4813 2887 4897 sexagesimo
2920 4817 3149 4900 quint-o,
3184 4837 3302 4902 quo
