3634 5842
345 598 482 644 011».
527 579 632 664 11.]
1009 603 1095 648 nn
1137 602 1537 648 runonronio
1581 605 1720 648 mvi
1767 605 2065 662 mmmm.
2670 595 2750 655 23

343 751 515 820 donis
544 759 788 820 ornatus
817 755 1060 838 perveni
1088 757 1154 820 in
1183 779 1406 842 pagum
1436 776 1552 843 que
1580 756 1883 822 Protectio
1912 757 2007 822 vel
2048 757 2302 844 Asylum
2352 759 2725 846 (Tearmuin)

339 847 740 926 nuncupatur.
830 839 1034 927 Hujus
1079 845 1217 929 pagi
1260 843 1533 908 dominus
1581 851 1643 909 et
1687 842 1816 927 ejus
1864 844 2046 938 frater
2092 845 2157 910 in
2206 867 2303 911 me
2344 848 2486 912 satis
2532 870 2728 913 comes

339 925 686 1005 extiterunt,
718 948 930 1012 meque
975 951 1112 994 cum
1161 929 1478 995 comitibus
1527 930 1674 996 meis
1721 936 1784 996 et
1824 929 1956 996 aliis
2000 932 2104 1018 qui
2133 934 2460 1018 purgatorii
2488 935 2729 1000 videndi

339 1034 518 1078 eausa
546 1035 580 1078 e
607 1014 784 1080 variis
825 1014 1166 1100 regionibus
1207 1017 1634 1097 confluxerant,
1665 1017 2033 1103 pontonibus
2075 1018 2140 1084 in
2182 1019 2438 1086 insulam
2485 1020 2591 1088 ubi
2637 1031 2728 1088 est

340 1099 755 1184 purgatorium
781 1101 1158 1188 trajecerunt.

459 1246 502 1276 ‘⁶'
533 1241 592 1304 V
580 1241 846 1308 icecomes
872 1265 1020 1308 00330
1037 1250 1222 1328 parat
1248 1245 1333 1308 ad
1356 1243 1800 1328 inqrediendum
1815 1243 2235 1328 puryatorium
2265 1251 2325 1310 et
2350 1245 2607 1311 inbratss'

338 1369 420 1433 Iu
438 1367 788 1433 Monasterii
815 1375 1013 1435 autem
1037 1369 1328 1456 templum
1358 1368 1851 1455 productus,cum
1867 1369 2130 1434 instituti
2150 1370 2269 1435 mei
2284 1370 2573 1436 rationem
2590 1371 2719 1436 red-

341 1454 640 1534 didissem,
669 1461 730 1520 et
756 1456 958 1521 multis
987 1456 1320 1522 astantibus
1348 1479 1384 1522 a
1411 1457 1608 1542 priore
1647 1457 2065 1541 interrogatus,
2092 1456 2160 1520 in
2230 1458 2599 1542 urgatorium
2628 1481 2723 1524 me

339 1541 578 1608 credere
652 1539 1102 1658 respondissem,
1167 1550 1300 1608 tum
1349 1543 1450 1608 ille
1497 1543 1586 1608 ita
1647 1565 1911 1608 exorsus.
2002 1549 2045 1578 “
2064 1478 2477 1608 Perdifficilem
2540 1551 2721 1630 atque

336 1629 742 1714 periculosam,
763 1629 786 1660 ’
830 1630 1048 1717 inquit,
1121 1635 1162 1665 “
1180 1653 1308 1695 rem
1377 1629 1712 1716 suscepisti,
1785 1649 2083 1716 quamque
2144 1630 2323 1714 pauci
2390 1635 2717 1711 tentarunt,

333 1715 558 1780 nedum
606 1722 749 1780 sunt
793 1719 1066 1782 assecuti.
1169 1716 1402 1795 Fateor,
1456 1717 1732 1803 equidem
1778 1715 2013 1781 facilem
2062 1737 2191 1780 esse
2238 1717 2567 1802 purgatorii
2616 1717 2701 1784 de·

331 1823 609 1868 scensum
624 1830 645 1882 3
689 1802 794 1868 sed
841 1827 1116 1870 revocare
1164 1803 1434 1890 gradum,
1463 1803 1580 1868 hoc
1625 1825 1794 1888 opus,
1826 1803 1925 1868 hic
1973 1801 2175 1886 laborss
2224 1803 2445 1890 quippe
2494 1803 2716 1870 scrobis
2736 1813 2882 1885 [20.]

325 1889 506 1953 istius
533 1890 826 1955 cruciatus
853 1891 1032 1957 fidem
1057 1897 1358 1977 superant,
1390 1890 1608 1977 quibus
1634 1889 1744 1954 viri
1771 1889 2035 1975 alioquin
2077 1895 2415 1955 constantes
2443 1911 2713 1956 succum-

323 1975 538 2042 bentes
618 1977 911 2064 jacturam
997 1978 1228 2058 animae,
1301 1978 1680 2063 corporisque
1765 1977 2051 2042 fecerunt.
2181 1975 2413 2042 Idcirco
2486 1999 2598 2064 ego
2654 1986 2716 2044 te

317 2084 565 2141 moneo,
607 2071 678 2127 ut
737 2064 1103 2130 voluntatem
1153 2065 1452 2144 immutes,
1504 2063 1676 2129 aliam
1728 2063 2137 2150 poenitentiam
2186 2069 2445 2128 acturus.
2558 2064 2715 2132 Sunt

322 2149 489 2214 enim
603 2150 996 2236 uamplurima
1051 2153 1190 2217 vitae
1258 2152 1537 2217 instituta
1609 2149 1800 2236 (quod
1858 2157 1921 2215 te
1975 2149 2157 2215 latere
2214 2151 2457 2216 minime
2534 2153 2707 2236 puto)

327 2235 548 2320 quibus
637 2257 710 2302 eo
739 2239 974 2318 servire,
1003 2237 1356 2325 culpamque
1401 2259 1778 2324 compensare
1824 2237 2142 2337 possimus,
2185 2236 2455 2308 Quorum
2500 2258 2711 2319 unum,

329 2322 382 2388 si
411 2323 655 2390 duriora
681 2325 869 2410 cupis,
901 2333 992 2392 est
1037 2326 1378 2391 monasticae
1425 2325 1564 2392 vitae
1613 2323 1843 2410 alligari
1870 2331 1933 2390 et
1960 2324 2240 2390 convenis
2269 2325 2371 2409 qui
2402 2325 2623 2410 pietate
2650 2333 2712 2391 et

325 2417 706 2495 peccatorum
749 2410 953 2478 dolore
995 2412 1277 2478 concitati
1325 2411 1454 2477 hoec
1498 2411 1706 2477 limina
1753 2410 1979 2490 vident,
2009 2410 2437 2476 administrare.
2528 2409 2711 2483 Quod

328 2496 592 2582 quidem,
623 2519 761 2562 eum
787 2498 921 2566 Deo
951 2501 1356 2584 gratissimum
1383 2503 1494 2579 est,
1523 2504 1656 2564 tum
1703 2497 1885 2584 longe
1926 2496 2314 2578 tolerabilius,
2361 2503 2539 2584 atque
2566 2499 2710 2565 faci-

327 2582 468 2661 lius,
497 2605 677 2667 quam
705 2591 845 2650 ante
893 2585 1124 2652 obitum
1167 2609 1238 2652 ea
1286 2582 1486 2650 subire
1535 2591 1814 2664 extrema,
1886 2607 1983 2650 use
2010 2591 2147 2670 post
2166 2584 2477 2650 interitum
2504 2585 2709 2650 nullus

325 2668 463 2747 fert,
510 2669 628 2734 nisi
667 2671 958 2736 invitus.”
1046 2672 1144 2737 Ad
1193 2673 1322 2738 haec
1369 2693 1718 2757 responsum
1767 2693 1871 2756 pre
1914 2693 2040 2749 ens,
2086 2676 2128 2705 “
2147 2693 2217 2735 eo
2246 2670 2433 2736 mihi”
2462 2671 2707 2756 inquam

329 2762 576 2820 ventum
609 2761 721 2835 est,
752 2758 914 2824 unde
955 2779 1118 2824 nunc
1167 2781 1291 2824 11011
1335 2781 1408 2824 ex
1523 2758 1610 2822 iat
1653 2757 1867 2842 pedem
1914 2757 2148 2835 referre,
2202 2778 2320 2842 quo
2366 2757 2709 2842 priusquam

329 2843 488 2921 veni,
513 2843 638 2930 jam
665 2843 897 2929 pridem
927 2844 1313 2925 decreveram,
1343 2867 1386 2909 n
1473 2845 1492 2909 i
1521 2844 1750 2922 terrori,
1781 2842 1935 2908 nulli
1976 2841 2259 2928 periculo,
2310 2843 2491 2908 nullis
2540 2844 2711 2910 malis

327 2929 556 3011 cedere,
641 2933 748 2996 11111
789 2933 1200 3018 purgatorium
1247 2932 1489 3011 adirem,
1519 2932 1666 2996 dum
1693 2930 1759 2996 in
1787 2931 1999 2996 animae
2027 2951 2174 2996 meoe
2202 2930 2525 3015 perniciem
2554 2929 2709 2996 nihil

326 3015 586 3097 molirer,
681 3019 808 3085 eive
835 3025 1133 3106 praecepta
1159 3041 1284 3084 non
1325 3017 1698 3084 transilirem.
1784 3018 1887 3084 Ita
1934 3039 2174 3082 moveor
2218 3024 2282 3082 et
2330 3023 2707 3103 peccatorum

326 3123 598 3170 meorum
616 3107 979 3186 conscientia
1001 3114 1062 3171 et
1090 3106 1290 3171 studio
1317 3127 1518 3190 regem
1540 3125 1740 3170 meum
1767 3103 2027 3170 videndi.
2102 3102 2200 3168 Ob
2229 3103 2294 3168 id
2322 3104 2499 3170 etiam
2530 3111 2709 3191 atque

335 3191 518 3256 etiam
545 3198 607 3256 te
637 3215 760 3274 oro,
790 3216 870 3258 ne
898 3194 1044 3259 mihi
1059 3193 1300 3258 tandem
1327 3193 1660 3278 ingressum
1680 3191 2104 3257 intercludas.’'
2160 3191 2319 3256 Tum
2338 3190 2439 3256 ille
2469 3191 2590 3256 “Si
2608 3191 2709 3257 de-

333 3275 691 3344 liberatum”
719 3280 919 3366 inquit
941 3287 982 3318 “
997 3280 1110 3346 tibi
1137 3287 1248 3359 est,
1277 3303 1312 3345 a
1339 3279 1634 3345 sententia
1654 3299 1778 3344 11011
1795 3278 2137 3356 desciscere,
2166 3284 2402 3364 oportet
2428 3283 2501 3343 ut
2526 3277 2708 3365 hujus

335 3361 456 3428 loci
483 3364 634 3430 ritus
653 3379 926 3454 peragas,
958 3365 1452 3454 quemadmodum
1482 3372 1574 3431 est
1603 3389 1638 3431 a
1665 3365 1825 3431 Divo
1871 3365 2121 3432 Patritio
2171 3365 2586 3445 constitutum,
2645 3383 2709 3432 et.

337 3447 414 3512 ab
444 3454 910 3520 antecessoribus
947 3456 1094 3520 meis
1133 3453 1572 3532 observamm,'’
1615 3458 1657 3489 “
1677 3451 1916 3518 omnia”
1957 3453 2203 3540 inquam
2245 3457 2289 3488 “
2309 3473 2443 3537 quse
2470 3472 2567 3516 me
2594 3452 2705 3516 im-

482 3539 656 3618 veris,
679 3542 871 3624 quoad
889 3542 1078 3607 facere
1094 3563 1337 3627 possum
1358 3538 1716 3626 praestabo.’'
1766 3539 1968 3624 Igitur
1994 3543 2419 3604 testamentum
2440 3537 2703 3618 condidi,

370 3621 570 3687 uobus
617 3625 756 3690 filiis
802 3629 969 3708 meis,
1018 3650 1269 3713 quorum
1303 3635 1452 3692 natu
1507 3627 1698 3712 major
1751 3625 2099 3692 Ludovicus
2153 3631 2215 3689 et
2270 3624 2420 3690 alter
2469 3623 2704 3690 Bamon

325 3710 572 3776 nomine
599 3711 915 3797 gaudebat,
953 3721 1014 3779 et
1055 3715 1280 3780 coeteris
1325 3713 1646 3779 comitibus
1699 3712 1843 3798 quid
1888 3716 2151 3797 agerent,
2182 3710 2234 3775 si
2270 3710 2401 3776 inse
2428 3733 2465 3774 a
2492 3709 2704 3778 scrobe

322 3816 450 3858 non
480 3805 820 3880 reverterer,
850 3801 1200 3886 praescripsi.
1288 3802 1347 3865 A
1390 3799 1731 3866 monasterii
1773 3799 2073 3883 praefecto,
2110 3802 2173 3861 et
2199 3819 2235 3861 a
2262 3775 2525 3862 Domino
2555 3797 2703 3884 asyli

321 3882 467 3968 Pagi
497 3885 808 3968 quaesitus,
853 3885 961 3951 ubi
1004 3887 1180 3951 velim
1221 3885 1475 3972 sepeliri,
1519 3885 1571 3950 si
1597 3885 1802 3950 forsan
1842 3884 1909 3950 111
1938 3883 2284 3970 purgatorio
2312 3883 2437 3948 vita
2486 3882 2697 3950 defun-

325 3989 516 4052 gerer,
547 3980 612 4037 et
655 3973 904 4038 cadaver
951 3973 1304 4058 reperiretur
1339 3971 1404 4037 id
1431 3993 1658 4050 eorum,
1711 3971 1957 4037 arbitrio
2170 3970 2371 4050 ittens,
2416 3971 2697 4056 respondi

323 4059 368 4088 “
385 4064 606 4122 terram
637 4083 764 4126 esse
791 4082 1105 4125 commune
1131 4059 1442 4126 hominum
1467 4055 1909 4145 0011111011111111.Μ
1981 3991 2171 4124 Elim
2146 4055 2261 4136 die,
2290 4055 2697 4124 sacerdotibus

321 4140 557 4223 vicinis,
588 4155 651 4212 et
679 4145 934 4212 coenobii
974 4147 1265 4232 religiosis
1306 4146 1661 4224 convocatis,
1706 4147 1951 4212 Sacrum
1980 4143 2185 4212 Missae
2214 4144 2375 4230 quod
2401 4165 2511 4229 pro
2540 4166 2697 4209 mor-

319 4227 445 4292 tuis
474 4232 672 4298 offerri
699 4233 869 4314 solet,
900 4240 1102 4313 cantu,
1143 4233 1366 4299 musica
1403 4256 1482 4300 ue
1521 4231 1871 4299 celebratur.
1957 4230 2097 4303 Quo
2138 4236 2396 4316 peracto,
2426 4230 2697 4314 reliquis-

323 4333 439 4396 que
468 4322 840 4386 caeremoniis
867 4320 1174 4400 absolutis,
1219 4341 1378 4386 sacer
1418 4327 1566 4400 otes,
1607 4320 1674 4386 in
1722 4320 1935 4386 ordine
1979 4317 2213 4403 digesti,
2344 4338 2501 4402 mpa,
2554 4338 2693 4402 quae

322 4402 2691 4580 {rffffsmaifflfiffffiffl“einzssgffuzzzffli3:223ti

1594 4543 1614 4574 2

323 4581 544 4642 uantur
571 4583 844 4661 cantatis,
897 4605 1050 4667 aqua
1099 4603 1263 4650 sacra
1313 4587 1620 4668 spargunt.
1779 4601 1858 4644 ox
1885 4575 2111 4644 foribus
2154 4577 2389 4663 apertiS,
2420 4579 2505 4643 ita
2531 4580 2693 4664 prior

325 4676 521 4726 coram
551 4667 830 4734 omnibus
859 4691 1064 4734 rursus
1092 4667 1320 4735 affatur.
1410 4673 1452 4703 “
1466 4667 1566 4734 En
1604 4667 1789 4746 locus,
1836 4685 2011 4751 quem
2038 4664 2131 4730 vis
2157 4663 2407 4750 ingredi.
2496 4663 2691 4732 Caete-
