3634 5842
1397 745 1698 791 Palemon.

618 893 939 972 Connubio
971 925 1120 990 ergo
1145 901 1264 968 mei
1293 899 1476 966 vincti
1502 901 1810 964 constante
1838 901 2109 982 parentes

701 1005 1110 1092 Progenerant
1137 1009 1360 1091 septem
1395 1003 1670 1089 (pignora
1696 1001 1853 1085 cara)
1889 1001 2111 1081 decem,

634 1112 751 1180 Sed
779 1113 1062 1180 tredecim
1085 1131 1304 1200 pueros
1331 1111 1523 1176 aetatis
1551 1109 1696 1174 flore
1722 1109 1981 1174 virentes

701 1221 999 1289 Incolumi
1024 1221 1215 1308 patria
1243 1218 1490 1286 sustulit·
1517 1223 1646 1284 atra
1675 1217 1827 1284 dies.

623 1325 896 1400 Quat-nor
923 1327 1134 1394 excisae
1159 1333 1298 1415 post
1325 1325 1521 1390 tristia
1546 1323 1724 1390 busta
1751 1323 1796 1389 J
1795 1346 2035 1390 uvernse

699 1435 860 1502 Exul
887 1437 952 1502 in
983 1435 1281 1522 Hispanis.
1307 1433 1458 1500 vidit
1483 1441 1734 1518 uterque
1759 1454 1995 1518 parenS.

618 1542 875 1609 Palladis
905 1542 1168 1610 excoluit
1193 1564 1290 1607 me
1319 1538 1720 1626 compostella
1746 1538 2023 1625 palaestra

703 1649 958 1717 Mirifice
987 1650 1204 1716 studiis
1231 1649 1388 1714 clara
1413 1646 1698 1734 magistra
1718 1647 1916 1713 saeris.

612 1751 902 1818 Patritius
929 1751 1161 1819 nitidus
1189 1751 1368 1818 Latio
1396 1773 1668 1816 sermone
1698 1750 1944 1816 Sinotus

698 1859 806 1924 Me
832 1859 952 1926 cito
981 1859 1382 1946 grammaticae
1409 1857 1602 1945 prima
1628 1855 1918 1923 elementa
1947 1856 2160 1936 docet;

613 1964 812 2037 Quem
839 1987 1032 2053 nuper
1059 1966 1320 2031 numeris
1343 1963 1588 2044 clarum,
1619 1961 1930 2049 verbisque
1959 1964 2169 2029 solutis

695 2071 937 2158 Eripuit
965 2071 1138 2137 nobis
1167 2094 1327 2138 mors
1355 2075 1666 2159 properata
1693 2071 1907 2136 virum.

613 2176 767 2244 Inde
794 2179 942 2244 mihi
969 2177 1257 2244 Vendana
1287 2201 1396 2244 suo
1423 2177 1792 2244 venerandus
1815 2177 2057 2244 alumno

697 2283 917 2351 Subtili
943 2285 1226 2372 Physioos
1255 2285 1517 2372 explicat
1543 2290 1668 2352 erte
1695 2283 1899 2350 libros,

610 2390 836 2457 Abdita
863 2391 1078 2458 divinae
1109 2393 1346 2480 Sophiae
1375 2401 1598 2458 secreta
1625 2392 1838 2458 retexit

702 2498 974 2566 Mai-oilla
998 2500 1250 2586 insignis
1277 2499 1563 2586 religione
1591 2499 1829 2564 Petrus.

617 2604 782 2670 Hinc
808 2606 956 2672 mihi
983 2606 1276 2674 Catholici
1304 2607 1554 2674 sectanti
1581 2605 1738 2672 bella
1764 2605 2101 2672 monarchae

695 2711 896 2792 Terra,
926 2735 1260 2799 ancepsque
1285 2714 1434 2780 mari
1463 2735 1590 2778 sors
1621 2711 1937 2784 subeunda
1962 2713 2101 2778 fuit.

613 2813 905 2881 Incubuit
932 2815 1152 2880 Daniel
1177 2817 1364 2880 musis
1389 2815 1485 2880 bis
1513 2815 1694 2880 frater
1720 2814 1972 2896 iisdem3

697 2925 1022 2990 Armorum
1051 2923 1302 3010 strepitu
1329 2921 1590 3009 percitus
1615 2922 1744 3008 ipse
1772 2922 1969 2988 simul.

610 3031 652 3095 J
653 3053 748 3098 am
775 3032 936 3118 regis
963 3030 1178 3096 celeres
1209 3052 1387 3095 naves
1415 3030 1542 3096 adit
1567 3029 1668 3096 ille
1695 3029 1961 3116 Philippi
2034 3093 2041 3100 .

694 3137 974 3203 Terrifico
1001 3136 1302 3202 tumidum
1331 3157 1466 3224 quae
1491 3159 1653 3203 mare
1679 3144 1869 3204 marte
1899 3137 2183 3220 domant3

611 3242 654 3308 J
653 3265 750 3310 am
775 3243 900 3310 fera
925 3241 1177 3309 velivolA
1202 3242 1554 3310 lustraverat
1579 3265 1821 3330 aequora
1848 3245 2038 3332 puppi

695 3349 742 3414 J
740 3372 838 3415 am
865 3347 1024 3414 vieto
1051 3348 1324 3416 adversas
1351 3349 1586 3416 fuderat
1612 3351 1785 3417 hoste
1809 3359 1989 3418 rates.

611 3455 761 3524 Post
785 3458 978 3524 varios
1006 3479 1178 3523 casus
1205 3458 1404 3524 stratis
1432 3458 1752 3526 certamine
1777 3459 1988 3526 Tureis

695 3558 1050 3626 Bombardae
1084 3558 1152 3645 (J
1152 3561 1280 3626 ovis
1307 3566 1380 3624 ut
1405 3561 1680 3647 fulmine)
1713 3562 1931 3649 glande
1958 3564 2136 3634 cadit.

614 3663 908 3732 Redditur
933 3666 1166 3733 Artifici
1194 3688 1401 3733 mens:
1447 3673 1540 3735 ast
1569 3691 1839 3754 exangue
1868 3670 2115 3738 cadaver

692 3751 920 3857 Incipit
946 3771 1233 3855 aequoreis
1263 3770 1528 3858 piscibus
1556 3795 1684 3837 esse
1713 3771 1903 3836 cibus.

613 3875 918 3944 Candidus
944 3878 1104 3945 heu!
1149 3877 1327 3944 viridi
1346 3879 1638 3965 juvenum
1665 3879 1776 3944 flos
1806 3879 2022 3946 oceidit
2049 3903 2175 3946 aevo

693 3981 926 4068 Regula
955 3983 1060 4068 qui
1087 4004 1343 4064 morum,
1372 4004 1696 4069 normaque
1723 3983 1931 4049 martis
1958 3992 2103 4052 erat.

605 4087 852 4154 Viribus
879 4087 982 4154 ille
1008 4089 1128 4156 fuit
1155 4087 1388 4154 robusti
1417 4090 1680 4178 corporis
1709 4087 1941 4157 Hector

692 4195 842 4264 Non
870 4198 1054 4264 animi
1079 4198 1321 4265 inferior
1348 4198 1578 4266 viribus
1605 4197 1706 4265 ille
1733 4199 1871 4266 fuit.

609 4303 856 4372 Viribus
880 4306 983 4372 ille
1009 4307 1127 4372 fuit
1154 4307 1326 4372 fortis
1353 4306 1604 4376 bellator
1632 4308 1895 4394 ubique:

694 4407 984 4476 Strenuus
1012 4415 1158 4488 arte,
1188 4409 1408 4490 anim0,
1445 4411 1672 4478 viribus
1701 4411 1800 4477 ille
1829 4413 1965 4478 fuit.

611 4505 734 4580 Qui
761 4531 868 4598 per
893 4511 1175 4578 virtutem
1202 4518 1473 4598 pereunt,
1502 4513 1614 4579 hos
1642 4513 1838 4579 vivere
1866 4515 2117 4582 Plautus

695 4613 760 4678 Si
785 4613 940 4680 bene
967 4616 1173 4696 sensit,
1202 4636 1341 4681 eum
1369 4614 1564 4682 vivere
1592 4620 1827 4681 constat
1854 4615 2069 4683 adhuc.

605 4717 874 4808 Inclytus
903 4722 1065 4788 hunc
1093 4721 1278 4789 veteri
1303 4723 1608 4810 generavit
1635 4727 1947 4788 stemmate
1976 4725 2250 4814 princeps

694 4827 916 4898 Nobile
945 4831 1050 4919 qui
1075 4831 1319 4899 trahite
1345 4829 1586 4920 regibus
1613 4829 1802 4918 usque
1834 4852 2022 4920 genus

757 4955 788 4996 0

2632 720 2753 784 xvii
