3634 5842
933 745 1057 806 322
1360 740 1773 806 o’snmvm1
1819 756 2134 804 uls-mum
2177 750 2565 813 cunonem,
2593 751 2743 798 ron.
2776 752 2866 796 ιν.
3045 731 3204 815 [ma.
3234 749 3312 794 11.

1937 1093 2117 1160 CAP.
2164 1089 2316 1156 VII.

1106 1320 1254 1384 Quid
1278 1317 1423 1380 Rex,
1448 1323 1504 1370 et
1527 1313 1817 1368 consilium
1841 1310 2056 1383 Angliae
2083 1307 2408 1364 Ibernorum
2433 1301 2669 1377 querelis
2692 1300 3108 1374 responderint?

934 1525 1079 1594 Hoc
1108 1524 1370 1592 edictum
1398 1521 1541 1588 dum
1567 1520 1635 1585 in
1656 1515 1897 1584 Ibernis
1924 1513 2356 1604 promulgatur,
2387 1521 2645 1576 oratores
2673 1515 2910 1575 nost-ros
2937 1509 3002 1574 in
3029 1508 3314 1593 Angliam

930 1615 1223 1701 profectos
1271 1631 1376 1676 rex
1421 1607 1679 1696 primum
1724 1626 1944 1690 magna
1983 1601 2296 1679 comitatis,
2328 1605 2394 1664 et
2419 1598 2694 1664 amicitiae
2721 1597 2915 1683 specie
2939 1597 3184 1682 recepit,
3215 1619 3312 1662 eo-

929 1721 1183 1786 rumque
1210 1695 1464 1783 querelis
1490 1693 1708 1761 auditis
1746 1691 1980 1778 judices
2023 1695 2279 1774 quatuor
2303 1686 2370 1751 in
2397 1685 2698 1751 Iberniam
2731 1683 2937 1761 mittit,
2971 1683 3076 1769 qui
3103 1685 3188 1748 rei
3215 1703 3315 1748 ve-

931 1790 1165 1852 ritatem
1194 1784 1515 1870 inquirant,
1562 1785 1625 1844 et
1670 1778 2053 1862 investigent,
2106 1774 2522 1861 cognitamque
2691 1771 2826 1850 Ἕω,
2858 1777 2920 1834 et
2953 1769 3314 1856 exploratam

930 1895 1168 1940 causam
1198 1871 1271 1938 sd
1322 1871 1544 1956 ipsum·
1566 1865 1855 1943 deferant,
1887 1869 1947 1928 et
1997 1861 2282 1948 imperata
2309 1881 2447 1924 cum
2484 1859 2554 1945 ju
2617 1879 2714 1924 ces
2741 1857 3036 1936 fecissent,
3067 1877 3311 1942 prorege

931 1984 1003 2026 ex
1034 1959 1274 2025 Ibernia
1300 1960 1562 2032 evocato,
1594 1953 1679 2018 sic
1731 1951 1956 2038 profert
2007 1949 2360 2016 sententiam
2410 1967 2484 2012 ex
2528 1944 2732 2030 Angla
2761 1966 3029 2010 sermone
3057 1943 3120 2009 in
3147 1941 3310 2009 Lati·

936 2069 1081 2113 num
1112 2069 1149 2110 a
1174 2066 1268 2110 me
1297 2041 1547 2108 fideliter
1574 2059 1936 2140 conversam.

1835 2266 2016 2348 Reqis
2045 2265 2364 2330 Sententia.

1944 2439 2055 2493 Per
2091 2439 2324 2511 Regem.

1007 2581 1270 2646 Querelas
1308 2579 1556 2652 proxime
1594 2577 1749 2632 nobis
1788 2577 1985 2632 effusas
2025 2595 2060 2632 a
2095 2576 2424 2648 quibusdam
2468 2574 2600 2629 viris
2642 2575 2968 2638 illustribus,
2993 2581 3050 2628 et
3089 2573 3210 2628 aliis
3243 2593 3311 2628 ex

934 2662 1123 2710 nostro
1150 2651 1433 2708 Hiberniae
1455 2667 1627 2736 regno
1654 2649 1721 2704 de
1745 2648 1914 2712 vitiis,
1939 2656 1997 2702 et
2019 2648 2276 2716 abusibus
2299 2657 2411 2701 tam
2443 2646 2769 2718 parlamenti
2792 2655 3068 2718 postremo
3091 2646 3313 2718 incepti,

935 2744 1097 2799 quam
1121 2731 1296 2780 status
1318 2723 1641 2778 militarium
1666 2728 1723 2776 et
1748 2721 1990 2774 civilium
2008 2737 2218 2784 rerum,
2239 2737 2351 2773 non
2367 2719 2532 2773 modo
2557 2718 2820 2772 inusitata
2841 2717 3236 2781 misericordia,
3258 2725 3315 2771 et

934 2797 1121 2870 gratia
1143 2795 1451 2866 excepimus
1478 2793 1647 2862 (sicut
1669 2791 1803 2847 satis
1829 2798 1913 2847 est
1937 2792 2309 2863 perspicuum)
2336 2791 2432 2844 sed
2455 2790 2620 2844 etiam
2647 2788 2856 2861 dignati
2881 2805 3064 2844 sumus
3088 2788 3316 2860 injurias

934 2885 1032 2941 per
1074 2883 1172 2922 nos
1210 2884 1324 2920 una
1364 2883 1490 2919 cum
1530 2865 1617 2928 iis,
1659 2862 1755 2935 qui
1795 2863 2185 2936 querebantur,
2221 2861 2566 2916 examinare:
2604 2871 2898 2933 posteaque
2923 2860 2996 2915 ad
3017 2861 3316 2932 pleniorem

936 2957 1112 2994 causa
1137 2936 1503 3010 cognitionem
1546 2935 1809 3008 quosdam
1847 2933 2143 3006 delegatos,
2169 2933 2260 3004 qui
2301 2950 2419 2987 rem
2460 2932 2675 3004 penitus
2710 2932 3056 3004 indagarent,
3079 2933 3136 2988 in
3163 2932 3315 2986 Iber-

936 3011 1085 3065 niam
1106 3009 1344 3064 mittere.
1422 3007 1596 3078 Cujus
1637 3005 2027 3060 benevolentiae
2066 3013 2269 3059 nostrae
2309 3021 2422 3059 non
2461 3003 2630 3057 alium
2665 3003 2911 3058 fructum
2945 3004 3316 3074 sperabamuS,

937 3099 1099 3153 quam
1124 3087 1189 3134 ut
1210 3080 1327 3133 haec
1352 3084 1544 3133 nostra
1583 3078 1739 3150 regia
1775 3076 2158 3131 misericordia
2194 3083 2360 3147 grato
2403 3075 2585 3129 animo
2609 3075 2969 3136 recoleretur,
2995 3073 3315 3145 debitusque

935 3153 1133 3214 honor,
1157 3157 1214 3204 et
1238 3147 1548 3204 obedientia
1583 3149 1753 3219 digna
1785 3155 1990 3202 nostro
2034 3145 2310 3218 dignitati,
2353 3153 2411 3200 et
2443 3143 2676 3215 justitiae
2709 3145 3024 3200 haberetur.
3099 3143 3316 3200 Praeter

937 3241 1002 3277 ex
1042 3221 1369 3275 ectationem
1393 3237 1524 3274 vero
1547 3225 1791 3273 nostram
1815 3217 2199 3302 comperimus,
2222 3218 2326 3271 hac
2352 3215 2660 3280 clementia,
2685 3225 2740 3272 et
2759 3216 3104 3270 humanitate
3124 3223 3322 3269 nostra

938 3312 969 3348 e
1010 3300 1193 3346 ectum
1216 3309 1350 3353 esse,
1376 3297 1438 3344 ut
1463 3289 1629 3362 aliqui
1652 3308 1720 3343 ex
1744 3289 1830 3352 iis,
1854 3306 1948 3360 qui
1975 3289 2364 3359 querebantur,
2388 3305 2453 3342 eo
2478 3288 2716 3343 audacie
2749 3287 3074 3360 procedant,
3094 3293 3160 3340 ut
3183 3285 3320 3341 nihil

935 3362 1091 3418 nobis
1115 3380 1216 3434 pro
1241 3361 1568 3425 obedientia,
1593 3369 1649 3415 et
1672 3361 2022 3415 observantia
2056 3359 2358 3432 rependant
2397 3367 2600 3430 praeter
2623 3359 2947 3421 molestiam,
2969 3366 3029 3414 et
3049 3375 3320 3414 novarum

939 3435 1284 3508 querelarum
1325 3433 1803 3505 exaggerationem
1845 3431 1903 3484 in
1944 3439 2189 3486 nostram
2229 3429 2591 3502 majestatem,
2615 3437 2672 3485 et
2693 3430 2964 3502 precipue
2987 3429 3046 3483 in
3066 3439 3323 3484 nostrum

937 3523 1248 3580 proregem,
1288 3521 1448 3629 quem
1486 3504 1642 3559 nobis
1677 3502 1987 3565 molestum,
2013 3509 2070 3556 et
2091 3502 2325 3556 invisum
2348 3501 2581 3556 reddere
2604 3501 2816 3556 cunctis
2840 3500 3048 3555 viribus
3072 3503 3166 3570 (ut
3189 3517 3322 3572 cog-

939 3577 1213 3647 novimus)
1238 3575 1293 3630 la
1330 3583 1493 3630 orant
1518 3582 1713 3630 contra
1734 3574 1899 3628 creba
1937 3581 2130 3628 nostra
2169 3574 2397 3638 monita,
2422 3590 2715 3646 severaque
2731 3573 2908 3643 jussa,
2940 3572 3034 3643 qui
3067 3571 3320 3644 singulis,

940 3667 1066 3704 cum
1088 3648 1177 3702 hic
1203 3665 1389 3702 coram
1412 3646 1569 3700 nobis
1590 3646 1838 3709 fuerunt,
1860 3644 2264 3716 imperavimus,
2287 3653 2352 3699 ut
2375 3661 2585 3700 summo
2609 3645 2817 3700 honore
2847 3661 3138 3716 protegam
3161 3661 3322 3697 vene-

940 3727 1218 3783 rarentur,
1244 3719 1441 3791 quippe
1464 3717 1559 3789 qui
1599 3735 1888 3790 personam
1928 3725 2174 3772 nostram
2211 3715 2404 3772 refert.
2482 3716 2647 3779 Quod
2671 3715 2736 3779 si,
2761 3724 2860 3772 aut
2882 3714 3022 3770 tales
3043 3731 3102 3769 se
3121 3714 3321 3799 3essis-

940 3799 1079 3854 sent,
1122 3790 1308 3861 quales
1350 3805 1442 3844 eos
1484 3806 1599 3844 esse
1635 3787 1880 3851 decebat,
1924 3795 2022 3842 aut
2063 3789 2238 3843 coacti
2279 3787 2510 3842 fixissent
2552 3787 2832 3842 discedere
2857 3805 2892 3841 a
2914 3803 3014 3840 sua
3047 3787 3322 3858 opinione,

942 3861 1398 3934 quemadmodum
1422 3859 1602 3915 coacti
1625 3869 1754 3915 sunt
1777 3859 1891 3922 alii,
1914 3860 2008 3931 qui
2031 3877 2066 3912 a
2085 3859 2288 3913 nostris
2315 3857 2720 3923 dissentiebant,
2743 3857 2994 3930 profecto
3018 3875 3164 3911 nunc
3182 3875 3322 3930 opus

939 3934 1097 3988 nobis
1120 3950 1230 3987 non
1255 3940 1397 3987 esset
1420 3931 1694 4002 suscipere
1716 3930 1962 3984 laborem
1985 3930 2419 4001 reprehendendi
2439 3947 2550 3984 eos.

1014 4003 1402 4068 Quamobrem,
1427 4003 1529 4056 etsi
1552 4007 1779 4075 propter
1802 4001 2011 4074 aliquas
2035 4019 2247 4065 causas,
2271 4001 2656 4072 adjustitiam,
2679 4006 2736 4054 et
2759 3999 2968 4072 regiam
2993 3999 3320 4071 dig-nitatem

941 4075 1296 4201 pertinentes,
1318 4083 1535 4158 tempus
1572 4072 1795 4127 minime
1837 4073 1910 4128 sit
1951 4080 2338 4144 opportunum,
2361 4080 2426 4128 ut
2447 4071 2690 4127 feramus
2712 4079 2958 4126 nostram
2993 4070 3322 4126 sententiam

980 4146 1274 4201 efinitivam
1300 4146 1367 4200 de
1413 4145 1641 4217 singulis
1679 4145 1928 4199 articulis
1967 4163 2155 4200 rerum
2201 4145 2451 4207 Ibernio,
2475 4161 2611 4215 quas
2657 4161 2758 4216 per
2800 4144 2900 4198 nos
2948 4141 3142 4197 audire
3165 4141 3321 4205 libet,

940 4217 1290 4272 nihilominus
1314 4217 1498 4271 edocti
1522 4235 1557 4270 a
1596 4216 1799 4270 nostris
1843 4216 2110 4288 delegatis
2133 4219 2294 4288 (quos
2317 4215 2607 4270 didicimus
2643 4231 2772 4270 usos
2797 4231 2912 4268 esse
2935 4213 3135 4287 magnii
3155 4213 3322 4285 sequi-

943 4296 1083 4353 tate,
1104 4289 1458 4351 rectitudine,
1484 4295 1540 4342 et
1564 4287 1874 4360 diligentia)
1891 4305 1990 4359 par
2015 4303 2130 4342 esse
2150 4287 2482 4359 putavimus,
2505 4293 2572 4340 ut
2593 4303 2714 4340 rem
2749 4285 3129 4348 desineremus,
3151 4301 3321 4356 quan-

944 4370 1064 4414 tum
1086 4362 1291 4415 attinet
1315 4360 1387 4415 ad
1408 4367 1662 4415 nostrum
1685 4377 1820 4430 pror
1921 4377 1996 4422 m,
2023 4376 2182 4430 quem
2207 4367 2422 4414 constat
2447 4357 2603 4413 nobis
2626 4356 2795 4412 fuisse
2817 4355 3093 4427 majestati
3115 4365 3322 4411 nostr-2

944 4430 1305 4496 obedientem,
1343 4431 1565 4486 'ustitia
1604 4429 1787 4486 studio
1968 4430 2329 4493 anfissimnm,
2355 4437 2654 4514 aptumque
2677 4427 2888 4502 magnis
2923 4427 3182 4485 oneribus
3217 4426 3322 4483 sibi

944 4503 1260 4560 commissis.
1371 4503 1557 4558 dcirco
1584 4503 1727 4556 sicut
1768 4519 1880 4557 non
1919 4501 2249 4556 absolvimus
2272 4501 2408 4556 alios
2431 4500 2719 4556 inferiores
2741 4499 3041 4563 ministros,
3064 4499 3164 4554 sed
3199 4517 3323 4554 cor-

940 4575 1217 4647 rigendos,
1242 4582 1298 4630 et
1320 4575 1619 4647 puniendos
1649 4573 1819 4644 juxta
1841 4592 1940 4629 sua
1976 4573 2178 4629 delicta
2217 4573 2595 4646 relinquimus,
2617 4572 2701 4626 ita
2722 4571 2964 4634 veritati,
3003 4578 3064 4626 et
3085 4570 3325 4640 justitio

942 4654 1365 4701 consentaneum
1389 4664 1505 4701 esse
1528 4645 1918 4708 existimamus,
1933 4651 1999 4698 ut
2022 4645 2185 4709 bunc,
2211 4644 2307 4716 qui
2327 4643 2592 4718 proclare
2613 4642 2881 4698 satisfecit
2903 4641 3098 4705 officio,
3115 4643 3326 4698 calum-

942 4720 1035 4770 ma
1056 4715 1366 4772 liberemus.
1445 4718 1534 4773 Ob
1558 4718 1619 4771 nd
1642 4718 1689 4772 si
1730 4717 1902 4788 aliqui
1938 4725 2167 4790 propter
2205 4733 2462 4802 magnam
2501 4715 2707 4777 curam,
2733 4721 2790 4767 et
2816 4713 3178 4786 diligentiam,
3212 4731 3325 4839 Ἕω

942 4804 1041 4840 nos
1064 4803 1251 4843 sumus
1274 4789 1380 4852 usi,
1405 4789 1705 4844 multorum
1718 4797 2038 4845 nostrorum
2053 4807 2120 4844 ex
2137 4787 2360 4844 Iberma
2377 4785 2725 4842 subditorum
2765 4792 2989 4856 questus
3027 4785 3230 4840 audien
3269 4801 3322 4846 o,
