3634 5842
869 722 994 783 252
1263 716 1679 783 o’sULanANI
1725 736 2039 783 msronm
2084 736 2469 796 cunonem,
2500 736 2652 781 rou.
2700 737 2806 781 111.
2958 718 3095 815 [nm
3126 737 3259 783 ΝΠ.

861 890 1120 955 velutin
1148 890 1346 955 foveas
1377 890 1558 955 delati
1604 890 2003 955 hauriuntur:
2053 889 2315 976 dumque
2343 890 2445 955 alii
2472 888 2547 955 ab
2576 888 2707 955 aliis
2734 888 3028 969 levantur,
3055 892 3261 975 potius
3308 874 3333 891 ⁹

862 976 1293 1042 commilitones
1337 976 1679 1057 detrahunt,
1723 998 1902 1062 quam
1933 983 2283 1062 sequuntur.
2372 976 2589 1062 Neque
2610 975 2877 1042 tenebrae
2904 978 3101 1041 minus
3130 998 3260 1043 mo-

859 1062 1163 1130 lestiarum
1193 1063 1484 1129 afferunt:
1530 1085 1806 1148 namque,
1832 1064 1883 1127 si
1912 1082 2032 1149 qua
2060 1063 2267 1149 sydera
2292 1061 2737 1142 internitebant‚
2768 1062 3047 1130 arborum
3086 1066 3255 1145 rami,

859 1150 1010 1215 alius
1040 1148 1156 1215 alio
1184 1150 1490 1237 implicati,
1517 1157 1579 1216 et
1607 1156 1957 1237 perpetuam
1977 1172 2041 1215 se
2082 1172 2177 1215 em
2195 1149 2541 1237 objicientes
2560 1150 2900 1238 conspicere
2916 1150 3255 1237 prohibent.

856 1236 1022 1321 Ergo
1052 1259 1174 1302 non
1197 1236 1383 1317 aliter,
1415 1257 1594 1323 quam
1615 1238 1756 1303 caeci
1784 1244 1984 1302 errant
2116 1259 2335 1303 sonum
2360 1244 2519 1304 notae
2546 1238 2709 1303 vocis
2738 1245 3040 1303 coeuntes.
3084 1237 3255 1309 Quin

857 1330 920 1389 et
945 1330 1181 1402 ventus,
1214 1324 1318 1409 qui
1345 1324 1671 1409 quatiendo
1697 1346 1913 1402 ramos,
1942 1325 2241 1410 majorem,
2274 1346 2452 1409 qnam
2496 1347 2606 1411 pro
2634 1324 2800 1403 flatu,
2832 1326 3093 1390 sonitum
3120 1325 3257 1390 red-

858 1409 1054 1489 debat,
1084 1434 1210 1475 non
1238 1434 1448 1497 parum
1475 1432 1652 1476 usum
1683 1412 1915 1475 aurium
1956 1411 2277 1497 intercipit.
2364 1412 2589 1477 Tamen
2632 1412 2880 1477 scienfia
2906 1412 3127 1479 ducum
3154 1412 3254 1477 iti-

856 1497 1016 1562 neris
1046 1497 1270 1584 sylvam
1299 1503 1630 1583 penetrant,
1661 1498 1851 1563 millia
1878 1520 2161 1583 passuum
2191 1504 2445 1583 quatuor
2472 1499 2717 1564 emensi.
3134 1534 3143 1541 ·

807 1628 812 1636 -
941 1583 1200 1650 Albente
1229 1584 1374 1649 caelo
1403 1607 1543 1651 cum
1572 1584 1786 1649 accolae
1815 1584 1958 1650 Mac
1985 1584 2219 1651 Davide
2248 1585 2419 1666 duce,
2472 1586 2689 1651 stativa
2730 1582 2805 1650 ab
2852 1583 3254 1652 O’Sullevmo

857 1670 1090 1737 deserta
1115 1672 1587 1751 circumstantes,
1619 1671 1771 1737 nihil
1797 1681 2011 1758 praeter
2030 1673 2234 1759 ignem
2260 1673 2645 1751 invenissent,
2688 1671 2975 1758 fugientis
3003 1674 3255 1758 vestigia

841 1758 1067 1838 secuti,
1097 1757 1269 1824 illum
1297 1758 1443 1824 hora
1472 1759 1590 1823 diei
1619 1760 1852 1825 circiter
1880 1780 2041 1824 nona
2067 1760 2231 1825 nacti
2274 1758 2599 1825 missilibus
2640 1766 2939 1845 premunt,
2970 1759 3159 1825 donec
3186 1761 3255 1825 in

855 1844 1002 1910 editi
1048 1845 1216 1911 collis
1263 1867 1547 1911 cacumen
1593 1846 1673 1910 sit
1719 1851 1991 1910 ventum.
2078 1845 2207 1910 Ubi
2254 1846 2532 1911 nonnulli
2582 1844 2964 1911 O’Sullevani
3012 1847 3253 1927 milites,

855 1953 1007 2016 quos
1035 1933 1190 1997 vires
1218 1932 1588 2010 lassitudine,
1618 1938 1679 1997 et
1721 1931 1877 1997 fame
1905 1932 2276 2011 deficiebant,
2312 1933 2517 2019 jurant
2562 1954 2625 1997 se
2669 1934 2869 2018 potius
2914 1956 3051 1998 cum
3079 1933 3254 1999 hoste

855 2024 1176 2084 extremam
1205 2018 1348 2084 belli
1389 2019 1713 2084 fortumam
1739 2026 2094 2099 tentaturos,
2126 2042 2305 2105 qnam
2334 2018 2467 2086 loco
2496 2019 2875 2101 discessuros,
2904 2021 3253 2107 priusquam

853 2104 1076 2183 cibum,
1127 2111 1188 2170 et
1239 2126 1515 2169 somnum
1567 2106 1824 2191 capiant,
1875 2106 1939 2171 in
1985 2106 2142 2189 idem
2188 2106 2609 2192 jusjurandum
2637 2114 2881 2172 caeteros
2922 2106 3249 2194 adigentes.

855 2189 1288 2255 O’Sullevanus
1316 2192 1565 2277 negocio
1595 2214 1719 2256 non
1741 2191 1925 2271 deest,
1957 2216 2057 2257 eos
2087 2193 2351 2272 hortans,
2374 2201 2445 2258 ut
2472 2195 2539 2258 in
2568 2193 2789 2259 virtute
2818 2216 2985 2279 spem
3012 2216 3253 2261 omnem

851 2285 1336 2449 rifflssgffltf
1351 2276 2325 2451 Ρᾙὲῗδὲἓωὲἑξᾶἕῗιᾏυὲἓῖῗ
2322 2281 2419 2431 {3⁸
2422 2281 2967 2433 122223203332133
2992 2283 3254 2455 3333?

2624 2417 2643 2447 ‚
3224 2410 3251 2423 -

879 2451 1000 2514 'um
1028 2450 1315 2531 studium,
1343 2457 1524 2537 atque
1549 2452 1740 2517 virtus
1786 2452 2169 2519 derideretur.
2202 2508 2207 2515 .
2258 2451 2423 2520 Nam
2472 2454 2739 2520 celeriter
2784 2477 2847 2520 se
2889 2456 3252 2522 instruentes

849 2537 1080 2602 faciunt
1107 2538 1339 2624 copiam
1369 2537 1689 2604 dimicandi
1719 2539 1939 2618 hostes,
1988 2540 2103 2605 rati
2153 2563 2274 2620 eos,
2306 2542 2430 2626 qui,
2468 2540 2567 2606 vel
2607 2563 2826 2627 magua
2851 2542 2937 2607 rei
2967 2541 3117 2608 bene
3146 2564 3253 2629 ge-

850 2624 1052 2691 rendae
1079 2624 1298 2691 fiducia
1325 2626 1635 2713 pugnandi
1661 2634 2018 2711 potestatem
2047 2627 2295 2707 faciunt,
2316 2626 2413 2693 vel
2428 2650 2822 2693 aerumnosam
2841 2630 3026 2695 vitam
3052 2631 3253 2716 perosi

847 2708 1160 2777 honestam
1187 2720 1441 2777 mortem
1469 2720 1776 2799 expetunt,
1807 2714 2032 2778 inultos
2074 2737 2198 2779 non
2242 2715 2535 2801 perituros
2564 2714 2903 2781 maluerunt
2932 2716 3006 2781 ad
3036 2738 3254 2783 uxores

847 2798 1177 2864 incolumes
1227 2800 1437 2880 redire,
1486 2822 1662 2886 quam
1715 2798 1967 2866 salutem
2016 2802 2081 2865 in
2125 2801 2440 2867 discrimen
2470 2801 2776 2867 deducere.
2865 2802 3253 2870 O'Sullevani

848 2885 1068 2951 milites
1099 2885 1334 2951 duobus
1360 2888 1687 2952 interfectis
1716 2889 1904 2973 equiS,
1935 2894 2253 2974 postquam
2280 2910 2486 2954 omnes
2514 2888 2589 2953 ad
2620 2890 2950 2955 satietatem
2977 2890 3252 2955 comede-

849 2979 1013 3052 runt,
1045 2981 1258 3059 praeter
1285 2980 1425 3053 tres,
1458 2975 1563 3059 qui
1591 2975 1769 3039 antea
1797 2976 1975 3040 etiam
2006 2976 2221 3061 equina
2250 2997 2425 3041 carne
2452 2975 2613 3041 vesci
2627 2976 2968 3057 noluerunt,
3000 2977 3075 3043 ad
3102 3000 3251 3043 noc-

847 3066 971 3123 tem
1004 3080 1192 3144 usque
1217 3059 1392 3125 horas
1442 3060 1674 3125 circiter
1715 3084 1816 3125 sex
1869 3084 2077 3127 somno
2120 3062 2322 3148 longo,
2352 3061 2865 3149 placidissimoque
2908 3066 3249 3149 capiuntur.

849 3144 1002 3210 Mox
1021 3144 1344 3229 peronibus
1365 3168 1440 3211 ex
1457 3169 1744 3232 equorum
1775 3149 1936 3213 corio
1964 3148 2136 3214 factis
2156 3148 2327 3234 (nam
2356 3158 2877 3235 consumpsersant
2893 3150 3143 3236 calceos)
3178 3153 3251 3217 in

849 3253 878 3294 s
914 3230 1092 3311 lvam,
1117 3251 1252 3317 quae
1267 3231 1735 3313 Diamhbhrach,
1752 3235 1816 3300 id
1836 3241 1929 3299 est
1946 3234 2205 3300 solitudo
2243 3241 2645 3335 nuncupatur,
2676 3259 2916 3303 cursum
2948 3237 3247 3324 dirigunt.

851 3254 1052 3387 duam
1101 3340 1240 3383 cum
1289 3318 1759 3405 ingrederentur,
1810 3344 2022 3407 sopore
2067 3343 2271 3387 rursus
2314 3329 2683 3409 opprlmente
2730 3326 2857 3396 sine
2884 3324 3005 3389 ullo
3035 3325 3250 3393 ordine

851 3403 1122 3491 dissipati
1173 3406 1370 3470 stratis
1419 3407 1636 3492 passim
1688 3407 2053 3493 corporibus,
2100 3434 2103 3437 ⁴
2146 3409 2352 3475 ericuli
2395 3408 2586 3489 obliti,
2616 3431 2737 3496 quo
2788 3432 3083 3497 quemque
3111 3412 3250 3479 loco

851 3513 978 3556 sors
1006 3490 1351 3572 collocabat,
1380 3493 1446 3557 in
1462 3492 1655 3558 lucem
1673 3495 2006 3578 quiescunt.
2158 3496 2278 3561 uod
2300 3495 2733 3563 O'Sullevanus
2751 3499 3248 3580 animadvertam,

853 3585 1031 3663 atque
1083 3602 1284 3645 secum
1335 3602 1461 3645 esse
1511 3586 1747 3645 tantum
1797 3583 2044 3648 comites
2095 3583 2410 3649 duodecim
2460 3584 2711 3669 imperat
2750 3587 2951 3672 ignem
2994 3594 3247 3667 struere,

848 3672 1013 3730 ratus
1057 3666 1148 3817 isd-
1172 3666 1334 3751 quod
1361 3666 1496 3747 fuit,
1527 3689 1709 3753 vagos
1737 3691 1876 3734 cum
1928 3671 2489 3757 expergiscerentur,
2520 3670 2597 3735 ad
2640 3672 2937 3739 flammam
2992 3696 3247 3739 concur-

850 3774 1020 3817 suros
1089 3776 1265 3819 msse.

1831 4125 2013 4191 CAP.
2060 4126 2216 4192 XII.

1573 4329 1861 4387 AErumnae
1886 4334 2058 4389 tridui
2083 4343 2454 4393 recensentur.

837 4502 982 4568 Onu
1035 4504 1161 4571 dies
1206 4504 1518 4589 illuxisset,
1567 4512 1783 4579 accolae
1834 4516 1978 4581 novi
2023 4518 2180 4603 ignis
2227 4522 2573 4606 mysterium
2600 4525 2667 4589 in
2716 4530 2885 4591 tanta
2906 4526 3243 4599 ‘solitudine

629 4605 810 4677 [¹95.]
836 4596 1179 4689 spectatum·
1196 4595 1556 4694 venientes,n
1593 4600 1732 4698 cum
1749 4601 2009 4669 multum
2039 4604 2193 4671 diem
2224 4630 2360 4675 cum
2383 4608 2780 4678 O'Sullevano
2802 4636 3073 4681 sermone
3090 4640 3243 4686 con-

834 4684 1242 4761 sumpslssent,
1296 4680 1496 4747 cibum
1541 4691 1718 4751 etiam
1769 4690 1955 4773 gratis
1999 4692 2346 4774 attulerunt,
2402 4694 2641 4762 Olivero
2686 4698 3025 4767 Lombardo
3072 4704 3241 4772 Gon-

832 4762 1064 4829 nachtae
1106 4766 1384 4851 praefecto
1427 4771 1765 4852 referentes,
1815 4777 1849 4839 a
1904 4775 2175 4845 bubulcis
2226 4782 2427 4867 ignem
2456 4782 2625 4850 illum
2658 4793 2993 4854 extructum
3024 4790 3236 4859 fuisse.
