3634 5842
924 765 1048 826 298
1357 759 1772 824 o'suunum
1815 777 2131 823 meroem
2173 775 2558 834 cunonem,
2588 775 2740 820 rou.
2784 775 2877 821 ιν.
3070 755 3207 838 [mn
3252 774 3300 818 1.

920 939 1176 1017 tempus,
1209 938 1268 996 et
1296 953 1403 996 sua
1429 931 1655 1016 religio,
1687 937 1748 995 et
1773 931 1903 996 haec
1930 931 2169 996 haeresis
2194 927 2405 996 hebuit
2432 935 2649 1007 ortum,
2678 927 2898 1014 illaque
2926 932 3133 994 contra
3150 926 3305 992 hanc

923 1019 1206 1084 divinitus
1233 1018 1469 1083 videtur
1497 1017 1838 1097 constituta,
1868 1016 2004 1083 ideo
2033 1017 2127 1082 sui
2152 1018 2435 1096 muneris,
2466 1021 2644 1103 etque
2686 1015 3006 1102 provincioe
3032 1037 3161 1080 esse
3188 1020 3303 1078 sta-

919 1111 1120 1183 tuunt,
1173 1104 1414 1190 aequah's
1458 1104 1646 1169 hostis
1696 1105 2066 1170 mortiferum
2112 1125 2257 1169 cons
2366 1110 2515 1182 tum,
2566 1109 2628 1168 et
2674 1103 2971 1168 furentem
3018 1101 3305 1186 impetum

923 1193 1230 1257 sustinere.
1315 1191 1443 1256 Alii
1488 1190 1749 1277 religiosi
1793 1213 1919 1256 non
1966 1197 2109 1256 sunt
2134 1191 2201 1256 in
2306 1191 2473 1256 erni&
2498 1196 2623 1255 tam
2650 1189 2989 1275 frequentes
3016 1188 3129 1253 hac
3156 1195 3305 1254 tem-

914 1284 1163 1364 pestate,
1217 1277 1331 1342 etsi
1379 1300 1504 1343 non
1554 1277 1771 1343 desunt
1821 1278 2003 1364 aliqui
2051 1277 2159 1342 filii
2204 1277 2329 1342 divi
2369 1276 2677 1358 Bernardi,
2708 1277 2879 1362 cujus
2908 1297 3073 1340 sacra
3097 1274 3303 1360 religio

918 1363 1108 1429 multa
1135 1365 1490 1429 monasteria
1517 1363 1995 1450 locupletissimis
2038 1364 2427 1450 vectigalibus
2470 1363 2658 1428 ditate
2682 1364 2748 1429 in
2776 1385 2847 1428 ea
2874 1363 3105 1428 emisit:
3152 1362 3305 1426 sicut

920 1457 982 1516 et
1028 1473 1189 1516 sacer
1238 1449 1384 1516 ordo
1433 1451 1514 1516 D.
1546 1451 1893 1538 Augustini,
1936 1449 2117 1538 cujus
2157 1453 2364 1538 vigent
2389 1452 2505 1517 hoc
2531 1458 2797 1536 tempore
2824 1450 2997 1535 pauci
3025 1448 3302 1534 religiosi.

922 1538 1174 1603 Renasci
1203 1539 1481 1604 videntur
1530 1538 1860 1604 sacerdotes
1908 1539 2169 1604 instituti
2215 1539 2335 1604 divi
2366 1535 2405 1603 J
2408 1537 2659 1604 ohannis
2686 1536 2993 1622 hospitalis
3024 1535 3306 1600 Hieroso-

920 1623 1209 1710 lymitani,
1242 1626 1346 1710 qui
1369 1626 1492 1712 jam
1521 1625 1755 1692 fuerant
1789 1625 2055 1704 extincti,
2108 1625 2286 1690 simul
2314 1648 2383 1692 ac
2410 1623 2769 1710 amplissime
2818 1622 3147 1709 vectigalia,
3176 1622 3307 1706 pul-

922 1712 1240 1777 cherrimas
1269 1711 1494 1791 domos,
1525 1713 1945 1778 emaenissimes
1994 1713 2180 1778 totius
2206 1712 2377 1798 regni
2404 1711 2573 1778 sedes
2600 1709 2747 1776 ordo
2774 1709 2875 1774 ille
2902 1732 3065 1776 sacer
3092 1710 3307 1775 amisit.

925 1798 1330 1864 sacratissima
1371 1799 1578 1884 religio
1607 1801 1811 1886 magni
1837 1799 2195 1866 Patr-iarchae
2239 1799 2551 1866 Benedicti
2598 1798 2813 1884 incipit
2836 1797 3088 1862 restitui.
3173 1795 3309 1860 Nu-

923 1907 1122 1951 merus
1149 1885 1496 1950 clericorum
1523 1907 1776 1972 magnus
1820 1893 1929 1967 est,
1977 1892 2155 1972 atque
2180 1886 2414 1954 florens.
2502 1885 2730 1951 Omnes
2758 1882 3135 1950 ecclesiastici
3164 1889 3311 1967 quot

923 1973 1066 2052 sint,
1095 1972 1244 2036 mihi
1273 1971 1515 2058 quidem
1542 1995 1668 2038 non
1697 1979 1948 2039 constat.
2016 1973 2152 2038 Imo
2181 1995 2257 2038 ne
2284 1971 2500 2060 Anglis
2529 1972 2769 2058 quidem
2796 1971 2940 2056 ipsis
2984 1970 3312 2055 diligentis-

925 2059 1090 2124 simis
1141 2058 1512 2124 sacerdotum
1561 2057 2027 2145 indagatoribus.
2115 2060 2277 2125 Illud
2325 2081 2447 2125 non
2490 2060 2718 2146 ignoro,
2747 2057 2928 2138 mille,
2958 2063 3221 2134 centum,
3249 2065 3311 2122 et

925 2145 2245 2318 ἓὲᾚὲἒέιᾳΐᾚὲἒέθῗῆοὲοέὲέῖηῗζ
2272 2146 2617 2320 ἓῖἵᾜθὲῗιὶῗ
2632 2143 3315 2319 sszffiffiffl

925 2317 1176 2396 fuisseff
1220 2340 1333 2382 nec
1441 2319 1554 2384 'am
1605 2316 1684 2383 ob
1735 2341 1972 2385 causam
2004 2321 2272 2406 quaesita‚
2303 2339 2502 2405 quam,
2532 2327 2605 2385 ut
2632 2319 2982 2398 secerdotes,
3012 2325 3075 2383 et
3102 2339 3309 2382 eorum

927 2409 1309 2489 protectores,
1358 2427 1476 2490 qua
1519 2412 1764 2492 possent
1813 2413 1958 2485 arte,
2017 2407 2351 2493 perderent,
2410 2405 2910 2492 quemadmodum
2971 2405 3313 2470 Cornelium

929 2489 1372 2556 O’Dubhanam
1399 2491 1786 2580 Episcopum,
1817 2500 1880 2558 et
1907 2493 2227 2559 Patritium
2257 2493 2719 2560 O’Luchrenum
2746 2492 2922 2580 presb
3020 2514 3154 2557 rum
3184 2513 3311 2556 sus·

927 2577 1214 2658 tulerunt,
1246 2578 1321 2643 ad
1351 2601 1604 2664 quorum
1634 2581 1981 2667 martyrium
2012 2579 2463 2647 describendum
2490 2581 2757 2646 animum
2784 2603 2859 2667 ep
3072 2601 3167 2644 us.

1830 3129 2011 3194 CAP.
2074 3127 2325 3194 XVIII.

933 3334 1222 3392 Cornelius
1251 3336 1594 3393 O'Dubhene
1616 3335 1943 3410 Episcopus,
1968 3343 2027 3460 elt
2052 3335 2323 3422 IJetritius
2342 3335 2737 3394 O’Iauchrenus
2750 3337 3025 3400 sacerdos,
3048 3345 3321 3410 martyres

1954 3424 1985 3460 c
2006 3425 2255 3461 arissimi.

929 3593 1292 3662 Consanus
1341 3594 1432 3660 vir
1479 3593 1643 3660 haud
1687 3593 1939 3662 obscuro
1982 3615 2195 3679 genere
2245 3600 2425 3663 natus
2472 3595 2801 3682 seraphiam
2842 3595 2985 3662 Divi
3015 3597 3321 3666 Francisci

928 3680 1202 3767 religioni
1253 3703 1380 3748 sese
1428 3682 1648 3748 teneris
1697 3681 1773 3748 ab
1822 3681 1991 3748 annis
2042 3681 2327 3767 alligavit.
2415 3681 2540 3748 Ubi
2581 3681 2827 3750 mirifica
2852 3684 3089 3769 pietate,
3120 3685 3320 3772 longis

930 3767 1320 3847 orationibus,
1350 3769 1649 3854 perpetuis
1679 3768 2058 3854 paenitentiis,
2088 3775 2150 3834 et
2177 3769 2444 3836 omnium
2487 3769 2777 3836 virtutum
2820 3777 3172 3838 ornamento
3198 3773 3319 3841 ful-

930 3877 1095 3940 gens,
1144 3854 1474 3920 doctrinam
1523 3854 1810 3934 eruditus,
1858 3855 2099 3940 ingenio
2139 3855 2340 3934 comiS,
2392 3861 2456 3921 et
2480 3854 2764 3936 urbanus,
2794 3879 3063 3923 sermone
3088 3879 3319 3946 nequa-

932 4129 997 4185 of
1013 4129 1195 4184 David
1220 4128 1426 4191 Bothe,
1469 4128 1662 4200 bishop
1703 4127 1771 4182 of
1807 4127 2034 4200 Ossory,
2073 4127 2215 4191 who,
2250 4145 2411 4200 many
2433 4145 2591 4200 years
2612 4128 2803 4183 before
2823 4129 2917 4184 the
2942 4131 3233 4186 execution
3258 4132 3323 4188 of

929 4201 1040 4256 this
1077 4200 1310 4272 project‚
1347 4199 1456 4253 had
1497 4200 1626 4252 thus
1669 4217 1698 4254 e
1775 4199 1961 4252 ressed
2001 4199 2085 4252 his
2122 4199 2289 4270 hopes
2311 4199 2369 4252 in
2393 4217 2428 4255 ε,
2448 4199 2610 4254 letter
2634 4207 2694 4255 to
2730 4199 2939 4256 Fethet
2974 4201 3319 4269 Vitelleschi,

933 4273 1173 4326 Genera!
1197 4271 1263 4326 of
1279 4272 1373 4325 the
1401 4271 1614 4326 Order:
1653 4278 1692 4306 “
1766 4287 1873 4322 unc
1898 4269 2086 4341 utique
2128 4270 2479 4342 cogitandum
2502 4271 2643 4325 serio
2667 4271 2812 4326 foret
2836 4272 2903 4326 de
2927 4273 3109 4328 stabili
3132 4273 3317 4344 aliqua

927 4343 1248 4398 fundatione
1271 4359 1374 4413 pro
1399 4341 1675 4396 societatis
1697 4348 1895 4395 vestrm
1918 4340 2245 4408 hominibus,
2288 4349 2353 4395 ut
2394 4359 2557 4413 quam
2596 4360 2743 4398 nunc
2784 4343 2987 4398 cursim
3012 4361 3111 4416 per
3134 4345 3317 4400 varia-s

929 4415 1235 4486 provinciae
1259 4421 1316 4466 et
1342 4414 1591 4468 diaeceses
1617 4429 1839 4483 operam
1862 4412 2183 4484 impendunt
2220 4429 2349 4466 sene
2372 4412 2698 4498 frugiferam
2723 4415 2949 4480 nationi,
2972 4415 3197 4470 eandem
3220 4433 3318 4470 na·

927 4494 1056 4539 rent
1078 4503 1272 4539 vacum
1291 4485 1490 4554 majori
1551 4490 1803 4546 roventu,
1830 4493 1888 4537 et
1908 4483 2262 4546 incremento,
2276 4483 2399 4538 fixis
2422 4485 2548 4538 hinc
2570 4484 2696 4539 inde
2717 4485 2934 4540 sedibus
2958 4493 3015 4540 et
3037 4485 3319 4558 refugiis,”

929 4556 1128 4610 March
1153 4559 1242 4619 31,
1272 4558 1426 4610 1624.
1535 4574 1571 4608 n
1601 4558 1738 4610 1649
1761 4555 1918 4609 there
1942 4571 2085 4608 were
2114 4557 2171 4608 ll
2203 4553 2437 4610 Fathers
2461 4563 2523 4610 at
2546 4555 2837 4626 Kilkenny,
2878 4557 3054 4612 under
3096 4557 3321 4612 Robert

928 4627 986 4680 N
1066 4635 1176 4691 ent,
1221 4627 1309 4681 for
1344 4627 1524 4681 whom
1563 4644 1652 4681 see
1695 4625 2042 4680 Gambreneis
2067 4625 2329 4690 EversuS,
2354 4627 2463 4681 vol.
2492 4627 2529 4682 i.
2557 4644 2609 4698 p.
2648 4631 2789 4684 317:
2826 4631 2861 4681 9
2884 4637 2945 4681 at
2976 4628 3241 4700 Galva53
3281 4634 3317 4682 5

931 4715 1030 4752 eac
1096 4705 1156 4753 at
1182 4697 1503 4766 waterford
1527 4698 1633 4752 and
1658 4697 1959 4762 Limerick,
1988 4698 2085 4750 διο.
2116 4697 2213 4752 &c.

1003 4770 1026 4796 ⁸
1066 4768 1188 4822 The
1213 4762 1393 4822 editor
1418 4787 1554 4822 once
1579 4786 1686 4822 saw
1711 4786 1746 4822 a
1767 4767 1863 4822 list
1896 4769 1963 4822 of
1996 4767 2070 4820 all
2092 4767 2185 4823 the
2211 4767 2461 4822 catholic
2487 4768 2668 4840 clei-gy
2694 4767 2819 4823 who
2847 4787 2989 4826 were
3010 4771 3067 4824 in
3092 4769 3320 4826 Ireland

933 4847 990 4893 at
1013 4838 1122 4893 this
1147 4841 1298 4901 time,
1321 4840 1422 4895 but
1448 4846 1508 4893 et
1529 4845 1753 4911 present
1777 4839 1824 4896 it
1848 4839 1893 4892 is
1918 4845 2015 4892 not
2040 4839 2207 4911 easily
2230 4839 2536 4894 accessible.
