3634 5842
371 730 508 776 cu.
539 709 634 795 V.]
983 735 1068 779 nn
1095 734 1484 782 rrmmms
1513 733 1792 784 monor
1820 732 2153 778 murus.
2508 755 2513 760 -
2632 715 2757 777 339

369 883 600 950 minora
644 885 904 970 quidem,
955 910 1174 974 magna
1215 894 1418 953 tamen
1465 893 1532 952 et
1569 887 1771 972 gravia
1819 884 2174 951 Ibernorum
2220 889 2458 985 pectora
2508 907 2655 950 occu
2698 909 2759 950 a-

367 977 532 1070 runt.
645 973 888 1039 Etenim
945 975 1218 1040 inaudita
1273 973 1602 1061 cupiditate
1657 972 1967 1039 obtinendi
2039 994 2439 1058 possessiones
2510 907 2757 1058 ampsss,

369 1063 432 1155 et
457 1079 523 1124 1n
551 1061 660 1124 sua
705 1061 956 1148 quisque
1003 1061 1226 1128 familia
1273 1061 1600 1147 principem
1647 1059 1867 1139 locum,
1912 1067 2203 1158 arserunt.
2294 1058 2459 1157 Hinc
2488 1065 2757 1124 content-

368 1149 583 1225 tlones,
627 1145 782 1227 odia,
834 1147 1010 1228 bella,
1103 1148 1293 1228 raedae,
1345 1147 1853 1234 depopulationes,
1906 1153 1967 1211 et
2016 1145 2429 1231 hujuscemodl
2482 1151 2759 1212 sexcenta

367 1231 560 1382 nbalilh
549 1241 752 1300 secuta
779 1242 942 1335 sunt.
1027 1171 1246 1336 ἔφη
1273 1234 1432 1300 enim
1459 1234 1652 1334 solum
1709 1233 1855 1300 novi
1885 1232 2089 1298 Iberni
2116 1239 2343 1333 ueteres
2369 1231 2757 1332 impetebant,

367 1321 1493 1491 ῗωςηέωῗῗὲῑῗέιῗὲἓθῗὲζὲεέἓξωῖἶῗ“
1511 1319 2759 1492 οἶῗξὲῃςέἰέῳὲῗιέξὲῗθξῖἓιῗέἐὲἓὲ

367 1487 448 1555 ob
496 1515 591 1558 res
649 1495 937 1562 humanas
993 1495 1148 1562 ferro
1207 1493 1680 1582 experiebantur.
1769 1491 1969 1564 Quam
2026 1514 2224 1558 rerum
2272 1493 2755 1591 funestissimam,

367 1583 550 1666 atque
575 1581 1074 1650 luctuosissimam
1102 1582 1314 1648 faciem
1341 1581 1494 1646 illud
1523 1579 1726 1646 Ovidii
1753 1602 1992 1646 carmen
2021 1579 2322 1666 aptissime
2353 1578 2641 1664 depmgit.

722 1777 950 1833 Vivitur
973 1787 1134 1850 rapto
1149 1801 1166 1832 ι
1207 1795 1318 1832 non
1341 1778 1536 1849 hospes
1561 1777 1629 1831 ab
1655 1777 1869 1848 hospite
1894 1783 2047 1830 tutus
2062 1797 2077 1828 ε

721 1849 780 1902 N
782 1867 853 1903 on
875 1867 1033 1904 socer
1049 1867 1086 1904 a
1103 1867 1340 1922 genero:
1367 1849 1608 1904 fratrum
1630 1865 1849 1920 quoque
1871 1847 2054 1918 gratia
2075 1861 2206 1899 rara
2229 1852 2331 1900 est.

456 2020 609 2093 Quae
637 2020 793 2086 inter
839 2022 1060 2088 atrocia
1086 2021 1348 2088 facinora
1375 2045 1498 2088 non
1547 2027 1748 2087 tamen
1791 2021 2037 2085 fuerunt
2084 2019 2289 2086 Iberni
2334 2028 2457 2086 tam
2488 2020 2761 2088 destituti

367 2108 606 2195 pietate,
637 2113 700 2174 et
723 2125 764 2173 a
790 2129 990 2188 sensu,
1019 2115 1082 2174 et
1110 2109 1480 2174 humanitate
1523 2108 1720 2186 alieni,
1763 2117 1837 2173 ut
1862 2107 2183 2172 Catholicae
2210 2107 2513 2193 religionis
2542 2109 2761 2174 sancti·

366 2201 570 2272 tatem,
617 2194 1070 2282 litterarumque
1118 2195 1316 2260 studia
1359 2195 1581 2260 violare
1624 2195 1984 2280 putaverint.
2075 2194 2230 2272 Im0,
2263 2195 2531 2280 quamvis
2558 2196 2761 2262 omnia

365 2280 522 2346 bello
549 2282 886 2368 flagrarent,
916 2282 1172 2368 imaque,
1203 2290 1264 2347 et
1292 2303 1525 2347 summa
1572 2281 1979 2360 miscerentur,
2010 2282 2073 2346 in
2116 2281 2493 2347 ecclesiarum
2536 2288 2756 2363 tamen,

363 2370 832 2455 episcoporum„
869 2369 1260 2449 sacerdotum,
1289 2377 1350 2434 et
1367 2369 1635 2434 omnium
1663 2367 1891 2434 litteras
1920 2368 2347 2454 profitentium,
2379 2367 2537 2434 bona
2565 2369 2757 2436 facere
2782 2395 2961 2466 [263]

365 2455 677 2541 impetum,
706 2455 803 2521 vel
829 2457 990 2541 ipsos
1018 2455 1316 2520 levissima
1341 2457 1560 2543 injuria
1597 2477 1915 2541 provocare
1958 2455 2123 2520 nefas
2153 2455 2473 2521 duxerunt.
2564 2456 2759 2544 Reges

365 2549 566 2613 autem
594 2541 850 2627 Angliae,
897 2541 1002 2627 qui
1047 2541 1303 2607 Iberniae
1353 2540 1755 2627 gubernaculo
1844 2541 1979 2606 otiti
2028 2541 2478 2627 provincialium
2520 2551 2756 2610 contro-

364 2629 604 2707 versias,
655 2636 718 2694 et
773 2627 1164 2694 dissentiones
1213 2627 1508 2707 dirimere,
1557 2633 1618 2692 et
1673 2628 1801 2693 inhi
1846 2650 1943 2692 ere
1992 2625 2311 2708 deberent,
2379 2635 2586 2694 contra
2641 2631 2758 2714 ipsi

363 2715 604 2780 haeresis
661 2710 934 2780 sordibus
990 2713 1287 2800 inquinati
1336 2735 1544 2780 eorum
1591 2713 1917 2778 discordias
1974 2713 2326 2793 accendunt,
2378 2721 2441 2780 et
2496 2737 2531 2780 a
2648 2723 2755 2782 nt:

363 2801 547 2887 idque
591 2801 716 2866 suis
763 2799 1076 2867 conatibus
1126 2805 1531 2887 opportunum
1578 2799 1713 2879 rati,
1764 2799 1915 2864 dum
1962 2799 2167 2866 Iberni
2210 2800 2547 2866 domesticis
2630 2801 2759 2868 ellis

363 2889 780 2968 conficiuntur,
808 2888 1050 2954 interim
1077 2887 1192 2974 ipsi
1219 2889 1286 2952 in
1313 2887 1553 2953 Iberniss
1569 2891 1763 2952 totam
1780 2885 2178 2952 Christianam
2200 2888 2481 2973 pietatem
2510 2889 2758 2953 summis

363 2975 590 3040 viribus
619 2997 986 3061 oppugnare,
1015 2981 1076 3040 et
1102 2974 1377 3042 funditas
1406 2973 1617 3053 delere,
1637 2995 2051 3058 sacrarumque
2070 2972 2400 3039 litterarum
2431 2973 2757 3040 doctrinam

365 3061 706 3128 subvertere
749 3061 1052 3127 festinant.
1143 3061 1326 3133 Quod
1371 3061 1684 3140 nefarium,
1727 3061 2004 3140 immane,
2033 3059 2287 3146 impium
2331 3060 2522 3126 scelus
2552 3060 2757 3127 Iberni

365 3149 612 3215 minime
656 3147 1110 3227 admittendum,
1161 3149 1258 3214 vel
1300 3146 1611 3213 ferendum
1651 3147 2083 3212 existimarunt.
2172 3147 2271 3212 Ita
2299 3169 2407 3232 pro
2435 3147 2755 3214 Catholicae

364 3235 668 3337 religionis
695 3235 986 3316 libertate,
1017 3235 1322 3321 divinique
1371 3234 1570 3301 cultus
1599 3233 1993 3313 observantia,
2024 3239 2085 3334 et
2113 3233 2353 3335 publica
2380 3236 2757 3302 veneratione

365 3324 1280 3496 Effinffiofisslgssffffifflliffi
1311 3327 1576 3487 tim,
1607 3319 2229 3494 fftssorffifgatilssmsss
2248 3321 2756 3488 ᾘηὶῗέἱῗῃᾞ

365 3497 501 3576 fide,
531 3497 942 3564 haereticorum
993 3497 1170 3561 armis
1215 3496 1480 3582 oppressi
1525 3517 1707 3561 succu
1749 3501 1988 3560 uerunt.
2076 3493 2263 3581 Cujus
2312 3494 2456 3560 mali
2500 3497 2757 3562 maxima

363 3583 544 3670 culpa
587 3585 654 3650 in
701 3583 932 3669 aliquot
979 3581 1460 3670 Angla-Ibernos
1505 3581 1839 3647 sacerdotes
1878 3581 2017 3664 jure
2064 3581 2470 3647 transferenda
2510 3588 2621 3662 ost,
2653 3584 2757 3668 qui

364 3676 686 3736 tartareum
736 3670 953 3756 dogma
1001 3669 1075 3736 ab
1123 3693 1262 3735 orco
1311 3669 1378 3735 in
1425 3668 1872 3736 catholicorum
1918 3668 2238 3753 perniciem
2294 3669 2574 3732 emissum
2632 3691 2758 3735 non

364 3754 687 3910 Egi-222³?
727 3755 1544 3922 ssssssffmffisshssffffimffim
1592 3754 2755 3912 Qsskgflffagssdffitffiffieff

365 3936 428 3995 et
455 3952 593 3995 cum
621 3865 848 3996 caegteris
875 3930 942 3997 in
977 3930 1268 4001 haereticis
1296 3928 1714 4017 oppugnandis
1753 3928 2065 3994 unanimes
2083 3934 2155 4018 *et
2182 3927 2503 3994 concordes
2529 3893 2756 3995 extitis:

365 4023 519 4096 sent,
582 4023 644 4082 et
693 4015 899 4082 Iberni
947 4016 1048 4082 alii
1099 4015 1230 4082 aliis
1277 4037 1402 4082 non
1459 4015 1851 4095 obstitissent,
1901 4014 2061 4080 facili
2114 4015 2365 4100 negocio
2420 4017 2758 4101 potuissent

363 4103 776 4169 haereticorum
790 4103 1006 4190 jugum
1025 4102 1350 4170 cervicibus
1369 4103 1680 4182 discutere,
1697 4108 1771 4166 ut
1786 4124 1859 4167 ex
1882 4102 2047 4168 omni
2062 4107 2267 4168 nostra
2281 4101 2528 4167 historia
2542 4103 2755 4176 fusius.

365 4197 428 4256 et
477 4190 756 4256 assertius
801 4197 1054 4256 constat.
1181 4191 1276 4257 Ea
1320 4212 1458 4256 vero
1507 4188 1836 4255 multorum
1905 4189 2133 4254 animos
2180 4187 2559 4254 lacessiturus
2608 4191 2759 4256 mihi

363 4277 604 4378 yideor:
635 4277 992 4377 Anglorum,
1023 4275 1186 4362 quod
1213 4299 1420 4344 eorum
1446 4277 1738 4355 haeroeim,
1755 4275 1993 4376 scelera,
2011 4274 2403 4375 tyrannidem,
2433 4275 2755 4378 sacrilegia,

363 4371 756 4516 ffiss’fflff„
782 4363 1068 4516 {fflz
1111 4361 2197 4537 affiffifflzaffiffiffmfffiffl
2211 4361 2557 4534 εξὲῗῗὲἑῗ
2577 4371 2759 4516 ῑέἐὲῗ

365 4537 512 4604 tiam
537 4560 662 4605 non
691 4537 874 4604 semel
900 4538 967 4603 in
993 4537 1108 4602 hac
1135 4537 1384 4604 historia
1409 4543 1614 4603 notam
1641 4537 1774 4603 feci.
1862 4535 2103 4622 AEquus
2144 4542 2347 4600 tamen
2374 4558 2569 4601 rerum
2600 4539 2757 4604 aesti-

369 4630 562 4690 mator
591 4625 688 4712 (ni
715 4625 1058 4712 conjectura
1083 4623 1285 4710 fallor)
1316 4646 1413 4691 me
1439 4625 1616 4690 venia
1643 4622 2027 4709 dignabitur:
2067 4645 2209 4689 cum
2232 4621 2349 4688 mei
2388 4625 2649 4690 muneris
2678 4627 2757 4690 sit

380 4708 474 4791 (ut
501 4734 681 4799 supra
707 4712 862 4799 dixi)
893 4734 1018 4778 non
1046 4712 1246 4778 minus
1273 4711 1584 4778 hominum
1611 4711 1776 4789 vitia,
1806 4710 1985 4795 quam
2016 4710 2267 4776 virtutes
2294 4709 2528 4791 referre,
2560 4720 2628 4778 ut
2655 4711 2757 4779 illa

365 4796 814 4884 vituperatione,
845 4799 941 4866 hae
964 4798 1140 4866 laude
1169 4797 1244 4867 ab
1274 4799 1438 4866 omni
1479 4799 1825 4886 posteritate
1868 4797 2241 4864 afficiantur:
2286 4796 2490 4864 Iberni
2520 4800 2625 4885 qui
2655 4822 2751 4865 su-
