3634 5842
919 736 1002 797 42
1371 732 1786 796 o’sunnnvam
1833 748 2145 796 maroam
2188 731 2574 810 cunonem,
2618 749 2747 796 τοι
2794 750 2837 794 1.
3044 725 3179 811 [un
3210 744 3300 788 1v.

1930 1094 2112 1162 CAP.
2154 1093 2269 1159 VI.

912 1305 1002 1361 De
1049 1299 1373 1358 celebrando
1399 1297 1655 1353 Redivivi
1679 1295 1906 1352 Domini
1933 1295 2195 1352 Paschate
2218 1303 2276 1350 et
2302 1293 2403 1349 Pel
2476 1291 2600 1350 ‘ana
2612 1295 2804 1351 haeresi
2832 1294 3086 1350 dectores
3112 1291 3301 1348 Iberni

1642 1368 1829 1424 sedem
1852 1367 2232 1440 Apostolieam
2257 1383 2429 1422 consu
2450 1375 2571 1422 unt.

911 1523 1191 1598 QUANDO
1235 1546 1375 1591 vero
1421 1523 1694 1590 doctores
1743 1521 1951 1588 Iberni
1989 1521 2064 1588 de
2109 1521 2389 1610 gravibus
2427 1521 2566 1588 fidei
2608 1523 3027 1610 questionibus
3054 1523 3299 1590 minime

909 1610 1377 1691 consentiebant,
1421 1611 1518 1678 vel
1545 1609 1772 1710 aliquid
1801 1610 1944 1675 novi
1973 1609 2269 1696 dogmatis
2296 1631 2541 1696 peregre
2562 1609 2724 1676 allati
2766 1611 3107 1692 audiebant,
3138 1611 3300 1677 soliti

909 1706 1078 1766 erant
1105 1699 1444 1766 Romanum
1485 1697 1841 1764 Pontificem
1882 1696 2146 1764 veritatis
2184 1696 2491 1763 oraculum
2518 1697 2844 1764 consulere.
2933 1698 3138 1765 Refert
3166 1699 3299 1785 qui-

909 1786 1046 1854 dem
1074 1784 1423 1852 venerabilis
1443 1784 1612 1850 Beda
1637 1785 1731 1850 vir
1757 1806 1991 1871 magnae
2012 1783 2149 1850 fidei
2166 1790 2230 1849 et
2256 1784 2653 1864 authoritatis,
2686 1807 2893 1850 eorum
2941 1786 3165 1851 multos
3193 1785 3301 1851 ali-

909 1874 1176 1974 quandiu
1194 1872 1490 1939 laborasse
1515 1871 1855 1958 ignorantia
1881 1871 2164 1957 temporis
2208 1869 2543 1937 celebrandi
2571 1871 2952 1938 Dominicam
2980 1871 3297 1939 Resurrec-

905 1967 1152 2040 nonem,
1191 1959 1651 2046 conferendique
1679 1959 1933 2046 primam
1959 1965 2285 2024 tonsuram.
2316 1965 2379 2024 et
2404 1957 2517 2024 hac
2551 1958 2626 2024 de
2653 1981 2717 2024 re
2740 1959 2968 2025 litteras
2996 1959 3180 2024 fuisse
3222 1959 3300 2025 ad

904 2047 1043 2113 illos
1061 2047 1272 2112 missas
1320 2045 1395 2113 ab
1449 2045 1724 2111 Honorio
1765 2045 2058 2110 Pontifice
2084 2045 2343 2110 maximo
2388 2052 2449 2110 et
2500 2045 2576 2110 de
2604 2045 2831 2125 eadem,
2860 2045 3298 2132 Pelagianaque

905 2133 1117 2200 haeresi
1145 2133 1406 2199 cavenda
1431 2131 1548 2198 scri
1588 2139 1722 2197 tum
1748 2155 1785 2198 a
1801 2131 1845 2197 J
1845 2131 2080 2197 ohanne
2095 2130 2278 2218 Papa,
2302 2132 2409 2218 qui
2448 2131 2729 2199 Severino
2762 2131 3021 2198 Honorii
3068 2155 3297 2199 succes-

907 2221 1029 2285 sori
1077 2219 1379 2286 successit.
1471 2155 1589 2285 seg
1637 2219 1754 2285 hoc
1799 2241 1919 2304 quo
1961 2240 2037 2284 ue
2120 2218 2450 2318 repositum
2497 2226 2769 2287 nostrum
2799 2219 3034 2307 plenius
3060 2219 3295 2306 probat.

905 2305 1187 2393 Namque
1236 2307 1311 2372 de
1360 2313 1625 2394 tempore
1674 2305 1891 2393 agendi
1920 2239 2242 2371 ‘i’asci‘xatm
2271 2305 2555 2372 solemnia
2588 2306 2688 2392 (de
2731 2330 2850 2393 quo
2880 2305 3010 2372 alise
3061 2329 3299 2394 quoque

905 2401 1117 2481 gentes
1161 2392 1484 2460 Catholicae
1529 2415 1684 2480 saepe
1713 2391 2113 2478 ambigemnt)
2162 2398 2225 2458 et
2252 2392 2328 2458 de
2355 2392 2675 2480 Pelagiana
2703 2394 2911 2482 hoeresi
2954 2393 3060 2460 ubi
3087 2395 3203 2460 fuit
3230 2395 3298 2460 in

905 2481 1295 2567 questionem,
1327 2479 1907 2566 disputationemque
1935 2479 2207 2560 deducta,
2249 2479 2519 2546 doctores
2536 2479 2743 2546 Iberni
2770 2480 2846 2546 ad
2874 2479 3075 2546 sedem
3103 2483 3297 2569 Apos-

903 2567 1146 2634 tolicam
1165 2568 1516 2634 retulerunt.
1605 2569 1699 2632 Ac
1729 2567 1815 2632 ita
1843 2566 2041 2634 miseri
2082 2565 2311 2654 Pelagii
2354 2589 2517 2633 error
2535 2567 2771 2633 nullum
2827 2567 2895 2633 in
2922 2567 3167 2634 Ibernia
3192 2591 3297 2655 pa·

903 2661 1148 2721 tronum
1173 2655 1270 2720 vel
1312 2661 1658 2721 assertorem
1685 2653 1983 2720 invenisse
2001 2655 2208 2735 fertur,
2238 2654 2333 2719 vel
2360 2653 2572 2720 insulae
2600 2654 2769 2721 aditu
2795 2653 3172 2736 interclusus,
3202 2655 3297 2720 vel

903 2741 980 2807 ab
1038 2765 1108 2808 ea
1163 2742 1436 2828 protinus
1481 2741 1778 2830 explosus,
1807 2740 1916 2806 ubi
1943 2742 2347 2828 contagiosam
2375 2742 2583 2807 faciem
2612 2741 2861 2828 aperuit,
2886 2765 3013 2807 sese
3052 2763 3129 2807 ue
3156 2765 3227 2808 co
3273 2782 3298 2795 -

901 2829 1261 2895 noscendam
1283 2828 1574 2916 praebuit:
1605 2834 1668 2894 et
1695 2829 1847 2894 ratio
1876 2829 2209 2894 communis
2238 2835 2300 2894 et
2338 2827 2412 2894 ab
2444 2829 2687 2895 ecclesia
2716 2827 2936 2894 usitata
2962 2851 3029 2894 ce
3052 2828 3233 2895 ebran
3274 2829 3299 2894 i

904 2915 1176 2982 Redivivi
1191 2916 1438 2982 Domini
1455 2920 1674 2981 festum
1697 2915 1772 2981 ab
1801 2915 2157 2982 australibus
2186 2913 2420 2980 Ibernis
2448 2916 2565 2981 fuit
2592 2937 2823 3001 semper
2850 2913 3190 2982 observata:
3236 2922 3299 2981 et

906 3027 943 3070 a
958 3003 1529 3102 ’septentrionalibus
1552 3023 1788 3088 quoque
1817 3009 1879 3066 et
1906 3001 2093 3102 Pictis
2115 3008 2176 3067 et
2203 3001 2573 3101 britonibus,
2604 3002 2710 3100 qui
2740 2998 3081 3067 doctoribus
3126 3001 3297 3068 Iber-

909 3090 1198 3246 ’ἂῗιῗὲἶῗι
1209 3087 3295 3291 {zzffffiffltffifflssffiffififfifflfffl:

914 3283 1086 3327 scure
1107 3267 1358 3327 constat.
1447 3260 1548 3326 Ita
1573 3282 1834 3346 primum
1856 3283 1919 3326 se
1960 3259 2181 3326 habet!

1005 3353 1048 3384 “
1067 3347 1483 3414 Dilectissimis
1532 3353 1596 3412 et
1649 3347 2035 3413 sanctissimis
2082 3345 2434 3428 ThomianO,
2481 3345 2873 3428 columbane,
2933 3347 3291 3428 ChromanO,

915 3434 1197 3516 Dimum,
1248 3441 1312 3500 et
1357 3435 1634 3500 Bathano
1674 3433 1989 3521 Episcopis
2014 3461 2035 3515 3
2080 3433 2435 3514 chromano,
2469 3433 2909 3521 Hermanoqne,
2938 3435 3291 3515 Laustrano,

917 3521 1202 3602 Stellam,
1255 3527 1317 3588 et
1345 3523 1602 3608 segiano
1649 3520 2054 3608 Presbyteris3
2108 3521 2345 3587 Sadano
2384 3523 2734 3608 coeterisque
2784 3522 3129 3589 doctoribus
3188 3545 3293 3589 seu

913 3608 1256 3678 Abbatibus
1277 3609 1489 3688 Scotis,
1501 3607 1768 3674 Hilarius
1796 3608 2286 3697 Archypresbiter
2312 3614 2375 3674 et
2395 3631 2633 3674 servans
2662 3610 2861 3676 locum
2892 3617 3113 3677 sanctae
3140 3609 3294 3676 sedis

911 3697 1292 3783 apostoliam,
1323 3697 1366 3763 J
1366 3698 1630 3763 ohannes
1657 3695 1963 3762 Diaconus
1984 3697 2137 3762 etin
2163 3695 2283 3762 Dei
2326 3697 2565 3761 nomine
2592 3697 2856 3779 electus3
2894 3697 3039 3762 item
3068 3697 3111 3762 J
3112 3698 3294 3763 ohan·

913 3805 1022 3850 nes
1049 3785 1506 3939 Prissiqeriuffsfii
1561 3784 2041 3937 servansmllocuug
2054 3789 2275 3936 sanglae
2324 3783 2871 3936 εοὲἐὲἐροειοΰοω
2898 3790 2960 3850 et
2988 3784 3031 3850 J
3030 3785 3293 3850 ohannes

912 3893 1121 3938 servus
1209 3894 1365 3939 elco
1503 3893 1786 3937 anuseu
1860 3893 1955 3937 em
2120 3895 2149 3937 s
2236 3893 2343 3936 10ae
2544 3919 2561 3936 .

999 3958 1232 4045 Scripta
1259 3981 1394 4045 quae
1461 3894 1741 4024 erlatored
1767 3957 1842 4024 ad
1872 3894 2419 4024 sanotssomemoriae
2448 3957 2797 4025 Severinum
2823 3958 3046 4044 Papam
3067 3957 3291 4024 addux-

907 4052 1092 4123 erent,
1167 4067 1238 4110 eo
1295 4043 1371 4110 de
1419 3982 1539 4110 {ac
1587 4043 1721 4111 luce
1789 4046 2103 4132 migrante,
2175 4045 2472 4132 reciproca
2541 4067 2825 4132 responsa
2893 4045 2969 4111 ad
3041 4067 3112 4110 ea
3160 4065 3292 4129 quae

900 4131 1202 4218 postulata
1241 4131 1504 4211 fuerunt,
1563 4131 1873 4198 siluerunt.
1962 4131 2201 4202 Quibus
2250 4131 2521 4198 reseratis
2590 4153 2668 4196 ne
2724 4131 2831 4197 diu
2877 4137 3064 4197 tantae
3121 4153 3291 4216 ques-

899 4219 1082 4285 tionis
1101 4218 1213 4285 cali
1321 4218 1650 4284 indiscussa
1678 4224 2024 4297 remaneret,
2056 4218 2381 4304 reperimus
2423 4218 2711 4303 quosdam
2739 4219 3059 4304 provinciae
3084 4223 3293 4284 vestrae

902 4313 1111 4373 contra
1139 4314 1235 4372 ort
1278 4304 1530 4371 odoxam
1587 4303 1784 4386 fidem,
1836 4327 2053 4371 novam
2083 4329 2156 4371 ex
2177 4305 2363 4371 veteri
2390 4305 2601 4371 haeresi
2628 4325 2932 4384 renovare,
2964 4313 3288 4383 conantes;

902 4393 1121 4479 pascha
1165 4400 1440 4460 nostrum
1483 4393 1548 4457 iu
1594 4415 1714 4478 quo
1742 4392 2082 4459 immolatus
2110 4397 2201 4458 est
2222 4391 2495 4458 Christus
2536 4390 2826 4457 nebulosa
2854 4392 3107 4478 caligine
3134 4393 3291 4458 refu·

906 4485 1105 4545 tantes
1133 4486 1195 4546 et
1223 4486 1432 4565 quarta
1460 4479 1688 4545 decima
1731 4480 1877 4546 luna
1903 4501 2039 4545 cum
2076 4477 2349 4544 Haebreis
2390 4477 2685 4544 celebrare
2704 4478 3031 4544 nitentes-’³
3360 4481 3368 4490 '

988 4565 1128 4631 Hoc
1185 4566 1259 4632 de
1307 4565 1595 4633 Paschate
1651 4566 1718 4633 in
1765 4571 1958 4654 primo
1996 4567 2207 4652 capite.
2297 4564 2449 4630 Mox
2484 4565 2813 4631 secundum
2858 4565 2931 4632 de
2974 4565 3028 4631 P
3164 4565 3178 4580 “
3256 4583 3293 4630 a

899 4652 1107 4719 hoeresi
1151 4652 1355 4718 subdit
1403 4652 1631 4719 Beda.”
1719 4653 1803 4719 Et
1847 4653 1963 4719 hoc
2009 4675 2246 4753 quoque
2290 4653 2697 4738 cognovimus,
2742 4652 2906 4738 quod
2932 4653 3094 4718 virus
3174 4651 3290 4717 ela-

897 4739 1090 4824 gianae
1145 4739 1434 4806 haereseos
1473 4738 1632 4826 apud
1675 4762 1782 4805 vos
1811 4740 2009 4806 denuo
2048 4739 2363 4804 reviviscit.
2454 4737 2638 4813 Quod
2666 4739 2910 4805 omnino
2959 4739 3285 4817 hortamur,

897 4832 965 4892 ut
1014 4850 1051 4893 a
1098 4827 1308 4894 vestris
1361 4827 1662 4892 mentibus
1719 4825 2128 4914 hujuscemodi
2186 4833 2544 4894 venenatum
2588 4827 3022 4914 superstitionis
3059 4824 3285 4893 facinus
