3634 5842
888 743 1017 806 284
1324 737 1737 806 o'sunmm
1778 755 2091 805 marom
2133 735 2528 816 cunonem
2559 755 2710 802 rou.
2741 751 2832 801 xv.
3031 734 3189 820 [un.
3223 755 3273 802 1.

890 910 1091 966 atinate
1134 913 1491 968 renuentibus
1532 912 1704 982 (sicut
1742 929 1777 966 a
1815 917 1892 973 te,
1935 909 2270 981 consilioque
2305 915 2498 964 nostro
2535 909 2696 964 istius
2733 908 2892 980 regui
2937 906 3272 978 accepimus)

886 981 1080 1052 jurare
1098 979 1476 1050 juramentum
1498 983 1675 1039 nostri
1714 981 2054 1056 principatus
2076 981 2136 1036 in
2157 999 2220 1036 re
2243 978 2539 1052 spirituali,
2561 991 2620 1036 et
2640 979 2962 1052 temporali:
2999 979 3074 1033 ad
3107 977 3272 1050 quod,

890 1052 985 1106 ubi
1009 1052 1230 1126 aliquod
1252 1071 1449 1109 munus
1474 1054 1696 1117 obeunt,
1734 1052 1848 1108 suis
1889 1053 2108 1108 statutis
2147 1050 2494 1124 obligantur:
2535 1051 2729 1123 quibus
2751 1049 2976 1106 statutis
2998 1050 3273 1122 obtempe-

890 1140 1019 1177 rare
1066 1125 1310 1180 nolentes
1352 1125 1741 1198 cujuscumque
1783 1124 2046 1187 muueris,
2083 1131 2142 1178 et
2177 1123 2338 1178 officii
2379 1121 2688 1176 redduntur
2729 1121 3033 1194 incapaces.
3105 1119 3272 1204 {Inde

892 1194 1143 1259 efficitur,
1165 1203 1231 1250 ut
1254 1196 1441 1251 multae
1464 1215 1529 1252 ex
1554 1195 1843 1268 praecipuis
1867 1194 2178 1249 civitatibus
2199 1194 2422 1260 nostris,
2447 1211 2680 1266 quarum
2703 1211 2808 1264 pax
2827 1201 2884 1247 et
2907 1191 3274 1263 tranquillitas

892 1274 979 1320 est
1000 1267 1157 1320 nobis
1178 1268 1431 1324 maximo
1452 1283 1643 1352 ocum,
1682 1268 1793 1322 sint
1831 1266 2106 1350 destitute
2270 1265 2283 1280 ”
2313 1265 2572 1350 tratilyus,
2597 1265 2692 1350 qui
2711 1335 2724 1350 .
2752 1336 2765 1351 ·
2799 1264 2996 1348 pulum
3023 1271 3274 1346 nostrum

890 1336 2730 1482 {gzffisszfisssssgffl¹3:3313¹²¹&35hsst⁸232t1m23¹323¹²222⁶42
2790 1332 3276 1462 33333ἷῖἷέἑῖ

897 1479 1193 1533 diminuta:
1257 1497 1381 1551 quae
1422 1481 1604 1534 omnia
1640 1497 1834 1534 recens
1855 1480 2050 1534 seditio
2091 1479 2366 1551 Manapiae
2448 1480 2642 1534 robat:
2681 1486 2737 1532 et
2772 1477 2831 1532 in
2864 1475 3276 1549 magistratibus

896 1551 1145 1605 creandis
1171 1553 1319 1620 (cum
1344 1553 1515 1606 creati
1554 1552 1885 1624 magistratu
1909 1551 2253 1613 abdicantur,
2277 1495 2446 1622 quoti)
2469 1551 2664 1605 nolunt
2678 1549 2872 1633 jurare
2895 1549 3104 1603 dictum
3118 1547 3274 1632 jura-

896 1629 1143 1675 mentum
1174 1623 1400 1677 dominii
1422 1623 1599 1679 nostri
1639 1631 1759 1677 tum
1796 1623 1857 1676 in
1897 1621 2188 1694 spirituali,
2227 1629 2348 1676 tum
2388 1621 2446 1674 in
2487 1621 2793 1692 temporali,
2817 1621 2965 1692 quod
3001 1627 3184 1674 tamen
3218 1635 3274 1671 m

896 1692 1161 1747 similibus
1184 1695 1398 1749 casibus
1413 1694 1609 1765 jurare
1632 1695 1929 1764 debebant)
1952 1693 2202 1764 pervenit
2222 1693 2297 1747 ad
2317 1709 2436 1762 nos,
2460 1709 2552 1746 eos
2575 1693 2658 1747 uti
2681 1692 2912 1758 artibus,
2937 1698 2996 1744 et
3018 1691 3176 1756 dolis,
3213 1697 3278 1743 ut

898 1763 1077 1828 aliter,
1100 1782 1261 1836 quam
1287 1766 1645 1820 constitutum
1669 1772 1773 1832 est,
1797 1765 2005 1837 eligant
2025 1764 2398 1836 magistratus.
2475 1763 2748 1828 Quoniam
2770 1763 3048 1817 interdum
3081 1762 3278 1846 mag-is·

898 1835 1073 1888 tratui
1095 1837 1399 1906 praeficiunt
1420 1837 1654 1909 aliquem
1678 1835 1860 1890 virum
1900 1853 1967 1891 ex
2008 1835 2166 1908 regni
2199 1835 2490 1900 nobilibus,
2513 1833 2790 1892 interdum
2811 1833 3046 1905 aliquem
3067 1833 3282 1917 audito-

899 1922 1033 1970 rem,
1057 1906 1145 1960 vel
1169 1907 1538 1961 consiliarium
1578 1907 1753 1962 nostri
1791 1905 2004 1962 consilii
2040 1907 2183 1969 istic,
2222 1907 2316 1978 qui
2351 1906 2484 1960 civis
2517 1924 2627 1960 non
2650 1906 2740 1959 sit.
2813 1905 3065 1976 Denique
3089 1922 3134 1957 si
3157 1911 3286 1976 poet

900 1976 1079 2030 varias
1119 1977 1433 2048 hujusmodi
1480 1995 1682 2042 moras,
1722 1985 1889 2050 atque
1934 1977 2361 2032 machinationes
2407 1977 2581 2031 civem
2620 1977 2824 2050 eligere
2870 1975 3286 2046 compellantur,

900 2063 1123 2117 operam
1147 2065 1361 2119 semper
1385 2049 1535 2112 dant,
1562 2055 1626 2102 ut
1647 2049 1694 2103 is
1718 2049 1791 2103 sit
1813 2049 2098 2112 obscurus,
2123 2047 2344 2102 humilis
2368 2055 2426 2103 et
2441 2049 2619 2120 impar
2642 2047 2797 2102 oneri
2819 2053 3090 2118 suscepto
3110 2047 3286 2118 digni-

898 2117 1050 2180 tatis,
1075 2126 1131 2172 et
1154 2121 1447 2190 provincia
1472 2119 1805 2174 sustinendo.
1883 2120 1992 2174 Vel
2033 2119 2388 2192 magistratus
2430 2119 2659 2191 singulis
2681 2119 2835 2173 annis
2857 2136 2968 2172 non
2989 2125 3282 2182 mutantes,

899 2193 965 2241 ut
987 2205 1141 2242 more
1164 2197 1377 2244 mutare
1402 2199 1678 2253 tenentur,
1700 2207 1890 2253 unum,
1917 2191 2122 2246 duosve
2153 2189 2386 2261 publicis
2409 2191 2726 2250 muneribus
2748 2189 2950 2246 habent
2972 2187 3282 2261 profectos,

934 2275 1035 2313 uos
1058 2259 1399 2314 arbitrantur
1437 2261 1660 2315 idoneos
1698 2262 1771 2316 ad
1808 2261 2251 2316 satisfaciendum
2282 2261 2451 2330 jussis
2489 2262 2693 2346 legum,
2717 2269 2880 2332 atque
2918 2268 3275 2318 statutorum.

898 2275 1056 2392 Quas
1077 2347 1242 2385 vanas
1278 2349 1469 2404 nugas,
1510 2339 1677 2403 atque
1712 2349 1914 2395 moras,
1957 2351 2081 2386 cum
2119 2333 2418 2386 eorundem
2457 2333 2696 2405 antiquis
2735 2331 2957 2385 statutis
2979 2329 3278 2388 clarissime

897 2410 1224 2471 repugnent,
1246 2420 1376 2465 non,
1416 2403 1523 2458 nisi
1562 2421 1665 2474 pro
1706 2403 1996 2458 manifesto
2039 2411 2230 2458 nostro
2272 2411 2610 2475 contemptu,
2633 2410 2693 2458 et
2733 2402 3077 2474 despectione
3111 2405 3278 2476 regio

898 2479 1100 2526 nostrae
1140 2473 1487 2528 auctoritatis
1524 2473 1841 2545 accipimus.
1935 2475 2110 2546 Cujus
2151 2475 2234 2529 rei
2273 2475 2614 2538 medicinam,
2657 2475 3102 2546 curationemque
3151 2476 3281 2547 quia

896 2543 1072 2614 magis
1110 2544 1365 2598 nolumus
1403 2545 1644 2609 differre,
1680 2546 1900 2610 scitote,
1935 2546 2148 2618 quoties
2183 2546 2540 2617 imposta-um
2579 2543 3027 2610 intellexerimus,
3069 2546 3278 2618 aliquas

896 2613 1080 2677 urbes,
1103 2615 1349 2686 aliquave
1373 2617 1573 2688 oppida
1595 2634 1662 2670 ex
1687 2617 1805 2672 istis
1852 2618 2055 2672 nostris
2097 2616 2321 2672 destitui
2361 2617 2791 2689 magistratibus,
2817 2634 2952 2688 quos
2974 2617 3048 2672 ad
3069 2627 3278 2672 rectam

894 2685 3064 2816 mimz‘52ssss”tffitfissztffofflsskzmafflss'ss§meatim333²
3078 2707 3280 2826 :iffi

894 2827 1157 2900 nullaque
1178 2829 1361 2886 dicere
1386 2837 1591 2886 cuncta
1626 2831 1915 2916 privilegia
1951 2847 2206 2886 concessa
2239 2800 2486 2895 uibibus,
2510 2839 2568 2886 et
2591 2830 2806 2902 oppidis
2827 2831 2932 2886 hoc
2956 2801 3166 2888 crihien
3197 2833 3281 2888 in·

896 2900 1263 2964 currentibus,
1288 2901 1499 2986 illisque
1536 2919 1605 2956 ex
1645 2903 1878 2958 arbitrio
1915 2910 2109 2958 nostro
2148 2903 2482 2958 constitoere
2515 2902 2892 2975 magistratus,
2931 2911 2990 2958 et
3021 2905 3151 2976 quia
3171 2906 3280 2959 cle·

896 2969 1100 3026 mentia
1122 2975 1315 3026 nostra
1334 2972 1547 3027 incitati
1572 2973 1811 3028 diximus
1848 2973 1973 3028 illos
2010 2974 2253 3029 homines
2290 2974 2659 3028 admonendos
2681 2974 2750 3028 de
2771 2976 2875 3030 sua
2895 2974 3280 3040 inobedientifl,

896 3049 954 3095 et
978 3041 1049 3096 de
1088 3043 1402 3106 concordia,
1442 3061 1606 3116 quam
1642 3045 1842 3099 abhinc
1882 3062 1949 3099 ex
1985 3045 2100 3099 illis
2136 3061 2435 3117 speramus,
2475 3061 2571 3100 vos
2598 3043 2875 3115 jubemus,
2911 3055 2977 3101 ut
3007 3064 3170 3132 quam
3191 3065 3280 3102 ce·

894 3111 1117 3166 lerrime
1140 3115 1346 3168 vocetis
1368 3115 1441 3168 ad
1478 3133 1575 3170 vos
1597 3115 1851 3187 aliquem,
1874 3115 2150 3187 aliquosve
2173 3133 2242 3171 ex
2273 3115 2633 3172 nobilioribus
2667 3117 2894 3181 civibus,
2929 3118 3280 3182 nobflioum,

894 3189 1061 3252 atque
1085 3183 1506 3240 obstinatiorum
1528 3186 1771 3250 urbium,
1792 3196 1854 3240 et
1875 3205 1910 3241 o
1946 3187 2219 3259 pidorum,
2239 3187 2454 3260 illisque
2492 3187 2764 3251 indicetis,
2787 3205 2950 3260 quam
2973 3205 3120 3261 egre
3141 3190 3284 3244 tule-

892 3253 1067 3308 rimus
1103 3271 1295 3308 eorum
1310 3255 1781 3328 ingratitudinem,
1804 3265 1866 3312 et
1925 3257 2288 3330 espectionem
2305 3281 2320 3312 ε
2357 3267 2416 3313 et
2437 3259 2905 3330 quamadmodum
2926 3262 3281 3316 statuerimus

893 3340 1021 3381 cum
1058 3323 1137 3378 eis
1174 3327 1446 3398 agendum
1488 3345 1625 3392 esse,
1666 3336 1733 3382 ut
1766 3329 1922 3384 nullo
1961 3337 2236 3402 praetextu
2273 3329 2600 3402 ignorantia
2637 3330 2804 3384 animi
2825 3332 3004 3386 nostri
3025 3333 3084 3386 in
3105 3349 3190 3396 re,
3211 3349 3281 3387 ex

894 3393 1003 3466 quii
1024 3403 1227 3452 nostra
1270 3397 1553 3470 dignitatis
1595 3399 1928 3455 existimatio
1967 3401 2200 3458 maxime
2305 3401 2458 3465 ndet,
2497 3401 2711 3474 possint
2748 3417 2878 3458 suos
2913 3410 3282 3476 contemptus,

892 3469 1459 3541 transgressionesque
1483 3469 1795 3535 defendere,
1821 3489 1890 3526 ne
1912 3489 2151 3544 unquam
2175 3491 2210 3526 v
2267 3481 2392 3528 eant
2433 3473 2636 3527 audere
2661 3481 2858 3528 contra
2877 3482 2992 3528 tam
3027 3475 3282 3530 manifes-

894 3545 1009 3594 tam
1030 3539 1410 3605 monitionem,
1436 3549 1495 3596 et
1536 3541 1968 3600 declarationem
2009 3543 2308 3600 voluntatis
2347 3552 2570 3608 nostro,
2596 3545 2778 3617 quoad
2811 3545 2954 3600 hanc
2976 3561 3115 3601 rem.
3187 3547 3282 3603 Ad

928 3610 1043 3664 uod
1092 3611 1179 3667 hae
1214 3619 1419 3668 nostrae
1461 3613 1664 3670 littero
1698 3613 1858 3670 vobis
1902 3615 2238 3670 suffecerint.
2332 3615 2546 3672 Datum
2593 3617 2696 3670 sub
2743 3617 2926 3702 sigillo
2973 3626 3169 3674 nostro
3213 3635 3283 3673 ex

958 3689 1186 3768 ampton
1222 3683 1402 3739 Gom-t
1440 3685 1641 3740 ultimo
1680 3687 1771 3740 die
1816 3686 2175 3758 Septembris,
2201 3687 2414 3742 decimo
2456 3703 2600 3742 anno
2645 3696 2824 3743 nostri
2847 3687 3192 3766 prinoipem·
3223 3691 3282 3744 in

892 3751 1115 3826 Anglii,
1143 3752 1347 3820 Gallis,
1368 3763 1429 3812 et
1450 3755 1688 3825 rhemis,
1710 3759 1769 3818 in
1792 3759 1982 3814 Sentis
2005 3757 2140 3814 verd
2161 3758 2582 3831 quadragesimo
2605 3767 2780 3814 sexto.

1610 4015 1905 4025 ——Q—-mu—
1929 4015 2028 4026 -ο-
2047 4015 2479 4025 --υο--ῲ--ᾕν-
2510 4019 2527 4022 -
2547 4018 2562 4024 -

1891 4223 2072 4292 ΟΑΡ.
2120 4227 2276 4296 XII.

1566 4477 1571 4482 -
1666 4433 1767 4492 IV.
1806 4437 2086 4496 Punctum
2111 4439 2550 4514 persecutionis(

890 4610 1015 4676 Ha
1064 4612 1446 4716 calamitates,
1498 4623 1561 4681 et
1608 4617 1954 4686 afflictiones
2004 4621 2080 4688 ad
2129 4625 2370 4690 tertium
2421 4633 2716 4712 punctum
2759 4631 3079 4716 pertinent,
3133 4657 3284 4722 quas

886 4697 1178 4764 &thelim
1206 4701 1439 4767 fortiter
1462 4703 1721 4770 ferentes
1748 4705 1972 4774 Christi
1999 4710 2177 4776 fidem
2220 4711 2702 4798 catholicamque
2731 4717 3076 4804 religionem
3105 4724 3285 4790 mini-

884 4781 983 4850 me
1015 4784 1421 4856 deseruerunt.
1509 4789 1607 4856 Ob
1636 4791 1701 4856 id
1728 4793 1914 4880 Angli
1956 4795 2132 4880 juxta
2177 4809 2452 4884 quartum
2497 4807 2810 4886 punctum,
2835 4815 2908 4872 ut
2935 4827 3038 4873 eos
3065 4831 3102 4874 a
3131 4813 3284 4878 veri·
