3634 5842
885 777 964 820 XX

1926 771 2227 834 pannon.

1145 927 1309 992 Hinc
1333 947 1474 991 cum
1497 928 1598 1011 jus
1628 924 1832 992 celeris
1862 926 1940 990 sit
1967 925 2307 992 inevitabile
2335 930 2542 993 mortis

1231 1034 1369 1100 Hoc
1399 1057 1630 1100 summa
1657 1039 1766 1114 cst,
1797 1039 2002 1099 sancte
2028 1034 2237 1100 mortis
2265 1034 2429 1101 obire
2456 1035 2631 1101 diem.

1143 1142 1418 1214 Quorum
1443 1164 1606 1208 nunc
1635 1142 1802 1228 elego
1829 1142 2147 1210 memoravi
2177 1143 2433 1209 carmine
2460 1167 2630 1210 casus

1227 1248 1470 1315 Nomen
1500 1256 1560 1314 et
1589 1273 1624 1316 a
1651 1249 1863 1315 Lethis
1892 1272 2062 1315 musa
2088 1249 2326 1315 reduxit
2353 1253 2523 1337 aquis

1141 1359 1336 1424 Terris
1365 1363 1426 1423 et
1453 1357 1663 1445 pelago
1693 1357 1915 1425 multos
1945 1357 2140 1425 adiere
2166 1357 2397 1424 labores

1230 1465 1272 1529 J
1273 1466 1452 1531 aetati
1480 1463 1560 1531 ob
1589 1487 1819 1532 summa
1842 1467 1979 1553 jura
2005 1471 2236 1532 retenta
2264 1465 2381 1531 Dei
2389 1493 2409 1545 ς

1145 1573 1284 1645 Quo
1311 1573 1521 1638 merito
1553 1595 1781 1660 sperem
1809 1572 2032 1638 Christi
2059 1573 2281 1660 pietate
2307 1571 2556 1658 benigni

1221 1679 1546 1767 Empyreas
1573 1682 1800 1746 animas
1828 1681 2247 1746 commeruisse
2272 1680 2463 1767 polos,

1134 1787 1270 1853 Nec
1301 1810 1419 1873 qua
1445 1795 1790 1874 putrescant
1819 1789 1997 1854 refert
2024 1789 2139 1854 sita
2168 1811 2415 1875 corpora
2441 1787 2581 1854 sede

1220 1893 1517 1974 Pontonc,
1547 1915 1626 1960 an
1653 1901 1826 1960 terrae
1854 1895 2115 1979 pondere
2143 1917 2336 1961 mersa
2362 1896 2569 1982 gravi;

1136 2002 1378 2089 Quippe
1407 2002 1533 2068 suis
1561 2002 1771 2068 animis
1800 2001 2036 2067 aeternis
2064 2001 2296 2067 reddita
2324 2005 2573 2087 surgent
2630 2032 2637 2040 ·

1220 2103 1479 2170 Condita
1506 2105 1626 2190 qua
1651 2104 1906 2184 fuerant,
1936 2105 2285 2170 restituente
2314 2127 2517 2171 manu.

1135 2213 1349 2278 Factae
1378 2235 1452 2278 ex
1479 2211 1668 2278 nihilo
1695 2219 1938 2279 naturas
1968 2212 2218 2279 condere
2246 2235 2445 2280 rerum

1221 2319 1512 2407 Idemque
1540 2343 1768 2385 eversas
1797 2325 1891 2386 est
1916 2342 2197 2386 renovare
2223 2321 2404 2406 potis,

1137 2427 1455 2514 Dogmata,
1485 2449 1648 2494 nune
1675 2427 1990 2513 reliquum,
2020 2427 2243 2494 Christi
2274 2427 2474 2494 divina
2502 2449 2836 2513 sequamur,

1224 2534 1363 2606 Quo
1394 2534 1522 2602 caeli
1551 2540 1774 2601 recreet
1801 2557 1913 2600 nos
1946 2534 2230 2600 diuturna
2258 2533 2445 2620 quies,
