3634 5842
911 740 1043 806 348
1499 741 1920 807 o'sumvam
1960 759 2276 807 msa-onus.
2317 759 2706 809 cAruoucAE.

907 922 1071 987 lento
1100 943 1394 1008 perpauca
1422 922 1691 1008 quaedam
1722 921 1796 988 de
1824 922 2036 988 ultimo
2066 922 2422 988 Ibernorum
2465 921 2642 988 bello.
2732 923 3008 995 Quorum
3035 925 3295 1012 aliquam

906 1007 1019 1074 tibi
1110 1008 1417 1074 articulam
1464 1008 1805 1089 mississem,
1837 1011 1888 1074 si
1918 1010 2108 1074 otium
2152 1009 2302 1075 mihi
2350 1016 2505 1076 esset
2533 1011 2607 1076 ad
2635 1011 3168 1093 transcribendum,
3197 1014 3294 1079 vel

904 1117 1054 1246 1²¹¹?
1102 1094 1481 1248 eniissibffis
1526 1095 1888 1248 ffiffmmmffi
1909 1095 2177 1248 ἓξὲξ-ἲ
2219 1097 2460 1250 iffi?
2507 1097 2806 1251 Ἧῗώἓῒ
2835 1099 3104 1252 Ξῖἒέἷί
3131 1099 3294 1252 {¹¹:22⁴}

903 1204 1159 1355 aggvi,
1191 1276 1260 1334 ut
1286 1205 1593 1354 iiigenium
1621 1291 1824 1335 meum
1849 1275 2151 1335 maturum
2176 1272 2343 1336 fieret
2369 1208 2921 1357 progressuqaetgtis,
2953 1209 3294 1360 styffmque

905 1355 1274 1440 adipiscerer,
1306 1357 1417 1421 etsi
1444 1377 1569 1421 non
1596 1357 1901 1443 grandem,
1931 1361 2110 1442 atque
2159 1355 2492 1438 sublimem,
2530 1361 2834 1444 proprium
2861 1366 3081 1440 tamen,
3113 1367 3296 1447 atque

906 1443 1281 1508 uniformem.
1372 1441 1573 1514 Quare
1600 1444 1838 1508 vultum
1887 1445 2194 1522 contrahe,
2227 1446 2456 1530 quoties
2483 1443 2617 1530 lego
2647 1445 2952 1512 historiam
2979 1470 3192 1526 meam,
3221 1455 3296 1512 ut

905 1527 1135 1606 rudem,
1166 1535 1343 1615 atque
1368 1529 1781 1616 imperfectum
1831 1530 2238 1598 adolescentiae
2281 1553 2428 1596 mese
2457 1539 2711 1617 partum.
2797 1533 3000 1619 Teque
3026 1533 3293 1614 obsecro,

906 1617 992 1681 mi
1020 1616 1316 1702 Philippe,
1345 1638 1423 1682 ne
1453 1617 1597 1702 quid
1624 1639 1827 1683 meum
1855 1617 2022 1684 libris
2054 1620 2172 1683 tuis
2207 1619 2449 1696 inseras,
2480 1619 2644 1705 quod
2671 1621 2750 1685 sit
2777 1629 2916 1686 ante
2945 1622 3106 1686 huuc
3136 1621 3292 1686 diem

906 1701 1263 1856 {Oragnptgan
1308 1704 1550 1858 (ἓξὲξ.
1635 1705 1805 1770 Vale.
1873 1703 2288 1793 Compostellae
2337 1705 2489 1770 VII.
2537 1705 2686 1771 Idus
2736 1707 3020 1774 Decemb.
3109 1711 3292 1774 Anno

979 2200 1065 2254 To
1090 2200 1183 2253 the
1208 2199 1503 2269 preceding
1526 2196 1692 2250 letter
1735 2212 1839 2249 our
1880 2194 2081 2248 author
2105 2200 2278 2247 wrote
2301 2211 2371 2247 an
2393 2211 2622 2258 auswer,
2648 2192 2961 2267 describing
2982 2195 3076 2250 the
3100 2213 3288 2266 opera·

906 2271 1052 2324 tions
1074 2270 1140 2323 of
1168 2271 1263 2326 the
1286 2269 1413 2323 fleet
1436 2269 1493 2322 in
1518 2267 1695 2321 which
1718 2267 1787 2319 he
1810 2265 1923 2318 had
1945 2265 2080 2320 been
2104 2263 2324 2336 serving
2347 2264 2549 2338 during
2569 2266 2666 2320 the
2688 2273 2811 2337 past
2831 2283 2981 2338 year.
3040 2265 3160 2320 The
3184 2267 3288 2320 last

908 2342 1219 2413 paragraph
1245 2340 1400 2394 alone
1422 2338 1597 2392 refers
1620 2347 1681 2392 to
1704 2337 1798 2391 the
1823 2335 2033 2407 history
2058 2335 2124 2390 of
2152 2334 2375 2390 Ireland
2389 2353 2480 2390 :-

989 2519 1141 2586 Haeo
1168 2517 1372 2598 habui,
1397 2539 1532 2605 quoe
1558 2523 1620 2582 te
1648 2537 1949 2582 monerem
1980 2515 2054 2580 de
2081 2513 2259 2580 rebus
2288 2514 2605 2601 superioris
2635 2515 2812 2580 anni:
2856 2513 3078 2601 quibus
3107 2515 3287 2600 scrip-

900 2609 979 2674 tis
1008 2607 1205 2694 accepi
1232 2606 1457 2671 litteras
1486 2611 1621 2670 tuas
1650 2603 2112 2688 elegantissimas
2146 2601 2220 2666 ad
2251 2624 2348 2666 me
2376 2601 2543 2667 datas
2572 2601 2725 2667 VII.
2756 2601 2906 2666 Idus
2923 2601 3286 2682 Decembris,

902 2695 1121 2782 quibus
1148 2695 1301 2778 petis
1329 2699 1401 2756 ut
1427 2691 1734 2757 historiam
1762 2691 1830 2754 in
1857 2689 2050 2754 lucem
2079 2689 2366 2767 emittam,
2389 2711 2510 2754 una
2539 2710 2675 2754 oum
2708 2688 3050 2754 doctissimo
3079 2697 3284 2767 metro,

904 2805 1023 2868 quo
1054 2780 1522 2847 O'Sullevanum
1570 2777 1848 2843 comitem
1895 2775 2222 2861 patruelem
2271 2785 2492 2855 meum,
2522 2775 2784 2861 aliosque
2813 2783 3108 2842 nostrates
3135 2777 3290 2840 viros

900 2869 1253 2935 clarissimos
1300 2867 1485 2932 effers.
1575 2864 1756 2936 Quod
1803 2869 2024 2942 autem,
2075 2863 2204 2949 ipse
2250 2870 2320 2927 ut
2367 2862 2470 2942 ais,
2523 2863 2854 2942 hominum,
2905 2863 3292 2948 locorumque

898 2957 1143 3022 nomina
1170 2961 1275 3019 aut
1302 2962 1538 3039 tempus
1568 2973 1687 3037 quo
1714 2973 1808 3016 res
1837 2955 2020 3036 gestae
2065 2957 2227 3029 sunt,
2275 2972 2400 3016 non
2445 2955 2615 3037 potes
2643 2951 2792 3016 scire
2819 2972 2892 3014 ex
2919 2951 3013 3030 iis,
3045 2951 3148 3035 qui
3177 2948 3292 3014 tibi

901 3041 1195 3108 scribendi
1224 3041 1527 3106 materiem
1573 3037 1975 3125 suppeditant,
2005 3036 2070 3102 id
2117 3037 2252 3102 ideo
2282 3036 2408 3102 fieri
2437 3038 2729 3116 existimo,
2763 3035 2925 3122 quod
2951 3036 3133 3103 iidem
3171 3035 3194 3101 i
3273 3035 3288 3048 ‘

898 3129 1078 3196 rebus
1106 3129 1379 3214 gerendis
1406 3148 1529 3191 non
1573 3125 1973 3203 interfuerint,
2005 3145 2198 3209 neque
2241 3123 2372 3189 loca
2399 3121 2796 3202 lustraverint,
2829 3124 2983 3188 sicut
3013 3122 3179 3188 Hero
3224 3147 3292 3188 o-

900 3223 1020 3294 tus,
1052 3215 1367 3280 Sallustius
1396 3220 1458 3278 et
1484 3211 1585 3277 alii
1612 3213 1926 3296 utriusque
1955 3211 2177 3296 linguae
2205 3211 2470 3275 historici
2496 3212 2704 3276 fecisse
2735 3211 3071 3289 traduntur,
3103 3232 3172 3274 ea
3211 3231 3292 3275 ue

900 3303 1012 3368 tibi
1034 3302 1278 3381 dictent,
1299 3322 1431 3386 quse
1458 3321 1583 3364 non
1608 3299 1889 3378 viderint,
1919 3296 2025 3362 sed
2051 3298 2300 3362 authore
2327 3297 2496 3382 vulgi
2523 3319 2758 3363 rumore
2786 3297 3100 3364 audierint.
3209 3319 3294 3382 go

898 3390 1041 3455 vero
1097 3409 1235 3474 quae
1290 3408 1551 3452 memoro
1602 3385 1857 3472 percepi,
1917 3383 2012 3448 vel
2067 3392 2334 3448 veterum
2379 3383 2730 3470 scriptorum
2780 3383 3142 3449 authoritate
3193 3384 3294 3449 vel

898 3476 1241 3542 testimonio
1285 3473 1705 3539 fidissimorum
1751 3469 2081 3551 hominum,
2114 3472 2218 3555 qui
2265 3468 2445 3534 rebus
2495 3470 2973 3536 administrandis
2999 3471 3294 3537 interfue-

898 3568 1077 3642 runt3
1124 3583 1273 3648 quos
1323 3581 1515 3644 neque
1564 3559 1878 3624 hominum
1927 3557 2209 3644 cognitio,
2261 3579 2456 3642 neque
2505 3556 2771 3623 locorum
2821 3557 3048 3642 peritia,
3093 3581 3294 3644 neque

896 3655 1233 3735 temporum
1262 3648 1411 3712 ratio
1440 3645 1781 3733 praeterivit.
1845 3643 1982 3710 Tibi
2013 3666 2247 3730 quoque
2275 3651 2404 3709 toto
2433 3651 2672 3730 pectore
2699 3643 3046 3710 enitendum
3075 3655 3184 3723 est,
3213 3669 3292 3712 ne

898 3735 973 3802 ab
1002 3737 1255 3820 incaepta
1284 3735 1528 3798 historia
1555 3732 1824 3812 desistas,
1853 3738 2040 3816 utque
2091 3731 2292 3796 omnia
2334 3753 2511 3817 quam
2539 3732 2840 3796 verissime
2865 3731 3099 3797 tradas:
3147 3755 3294 3797 nam

896 3823 1102 3908 magni
1128 3823 1375 3886 interest
1402 3827 1465 3885 et
1491 3817 1567 3885 ad
1616 3825 1784 3884 tuam
1828 3818 2095 3904 gloriam,
2148 3827 2212 3882 et
2259 3816 2336 3883 ad
2363 3825 2582 3884 nostrae
2609 3819 2819 3884 insulse
2847 3817 3174 3906 claritatem
3219 3827 3292 3884 ut

898 3911 1028 4062 ἔξω
1055 3931 1149 3974 res
1176 3915 1283 3972 tuo
1314 3907 1659 3985 cultissimo,
1692 3913 1754 3971 et
1780 3902 2138 3972 nitidissimo
2167 3925 2437 3970 sermone
2467 3904 2852 3970 celebrentur.
2941 3904 3110 3970 Vale.
3165 3905 3292 3970 Ga-

963 3995 1097 4061 bus.
1186 3993 1384 4059 Nonis
1414 3993 1757 4058 Februarii:
1788 4015 1948 4057 anno
1967 3988 2378 4078 Redemptoris
2407 3991 2737 4056 MDCXX.
2781 3989 2949 4056 Finis
2978 3991 3295 4078 Epistolae.

894 4456 1187 4523 Dominus
1234 4453 1559 4538 Philippus
1614 4453 2039 4605 O'Sulleanus
2069 4451 2278 4604 ἔῖξνῖ)
2305 4448 2605 4518 Μὶοῇαέίὶ
2631 4454 2908 4519 Ganbulio
2936 4453 2969 4518 e?
2997 4456 3300 4526 Soc-iccata

1917 4563 2036 4620 em,
2113 4589 2127 4604 .
2195 4587 2211 4604 .
2281 4588 2298 4604 .

898 4709 1087 4779 Quon
1112 4704 1517 4772 Ibernicarum
1537 4723 1733 4770 rerum
1762 4702 2068 4768 historiam
2099 4702 2238 4767 cum
2267 4707 2336 4766 tu
2367 4701 2629 4767 Michael
2656 4701 2894 4768 Cantuli
2933 4707 3302 4788 (venerando

892 4793 1094 4875 Pater)
1132 4791 1235 4858 diu
1262 4791 1507 4872 moliris,
1537 4797 1669 4858 tum
1699 4814 1807 4858 nos
1853 4790 2063 4858 animis
2107 4785 2531 4856 ardentissimis
2581 4795 2876 4878 optamus,
2909 4789 2946 4855 a
2973 4797 3033 4856 te
3063 4801 3304 4882 petere,
