3634 5842
1453 726 1753 772 PREFAOE.

655 885 974 956 Clauditur
1000 880 1164 948 haud
1191 879 1330 946 verb
1357 878 1656 944 tenebrosi
1683 880 1800 946 fine
1830 879 2125 966 sepulchri

755 991 880 1065 Qui
910 1013 1018 1056 sua
1045 1011 1152 1076 pro
1179 986 1416 1053 christo
1446 985 1710 1052 sanctius
1738 1008 1902 1056 arma
1927 986 2105 1068 tulit;

670 1098 854 1163 Terra
882 1092 1120 1181 quidem
1150 1111 1366 1177 corpus
1395 1087 1580 1170 dedit,
1609 1090 1845 1176 hocque
1872 1089 2089 1156 redivit
2114 1091 2179 1156 in
2208 1091 2372 1158 illam

755 1201 988 1288 Inclyta
1013 1199 1170 1264 fama
1195 1203 1416 1278 manet,
1445 1195 1689 1282 spiritns
1717 1203 1876 1264 astra
1900 1199 2073 1286 petit.

669 1305 924 1390 Jamque
949 1324 1096 1368 meee
1127 1301 1396 1387 sequitur
1421 1301 1628 1366 matris
1655 1323 1816 1366 more
1845 1303 2055 1367 funera
2081 1303 2285 1390 patris,

759 1411 956 1486 Quam
985 1430 1114 1474 sum
1145 1407 1456 1495 perculsus
1479 1413 1694 1488 morte,
1723 1407 1766 1472 J
1767 1409 2004 1475 ohanna
2028 1409 2044 1474 l
2088 1411 2214 1475 tua.

672 1519 726 1586 E
756 1516 1008 1584 ducibus
1035 1513 1248 1582 validis
1277 1513 1531 1583 oriunda
1557 1513 1788 1580 Suinna
1813 1522 2130 1605 paternum
2276 1585 2283 1600 ,

755 1625 1028 1712 Antiqua
1056 1621 1230 1688 duxit
1257 1620 1568 1690 nobilitate
1597 1643 1810 1708 genus.

669 1729 844 1797 Illius
873 1728 1111 1816 genitor
1135 1725 1452 1793 Donaldus
1480 1726 1663 1814 stirpe
1692 1726 1959 1792 Suinnus

752 1837 1084 1904 Germanos
1106 1832 1320 1912 habuit
1348 1831 1592 1920 (martia
1617 1831 1829 1918 fulera)
1863 1831 2086 1900 decem.

678 1943 1053 2033 Magnanimi
1077 1939 1302 2026 undeni
1331 1941 1641 2028 praeatanti
1667 1940 1879 2007 robore
1906 1941 2115 2008 fratres

750 2051 978 2118 Bellica
1005 2055 1213 2117 eontra
1237 2049 1474 2116 hostem
1501 2049 1676 2136 signa
1699 2047 1893 2114 tulere
1923 2048 2124 2129 duces,

669 2157 902 2243 Perque
929 2177 1106 2221 suum
1134 2153 1394 2236 saeclum,
1423 2153 1602 2223 fielici
1628 2161 1816 2221 marte
1844 2154 2111 2221 valentes

755 2263 1020 2330 Haeresis
1048 2262 1357 2349 Angliacoe
1383 2262 1618 2330 fortiter
1645 2285 1790 2329 ausa
1814 2268 2038 2328 vetant.

671 2366 967 2460 Mal-garis
995 2365 1124 2434 edit
1151 2389 1282 2432 eam
1312 2366 1456 2433 Mae
1481 2366 1722 2434 Garrhae
1751 2367 2043 2454 sanguine
2071 2364 2287 2454 Magni

759 2470 1043 2539 Patribus
1071 2475 1134 2537 et
1159 2471 1316 2538 natis
1343 2470 1656 2540 nobilitata
1683 2471 1827 2538 suis.

674 2577 972 2644 Conditur
997 2578 1076 2644 ad
1101 2577 1402 2644 tumulum
1430 2585 1726 2664 prostrata
1752 2579 1794 2643 J
1795 2579 2033 2646 ohanna
2058 2582 2256 2647 mariti

763 2684 998 2771 Conjux
1027 2691 1152 2751 tam
1181 2684 1366 2770 digno
1393 2686 1648 2771 conjuge
1678 2685 1863 2772 digna
1889 2710 2019 2754 suo,

674 2791 816 2857 Ah!
863 2791 1044 2858 decus
1073 2789 1356 2858 occubuit
1384 2789 1586 2857 selecti
1611 2792 1847 2877 insigne
1874 2793 2119 2879 pudoris

767 2899 1000 2986 Regula
1029 2903 1374 2986 nuptarum,
1405 2898 1594 2986 gloria
1622 2921 1856 2966 summa
1881 2901 2013 2968 viri.

676 3002 963 3070 Protinus
987 3003 1108 3070 heu
1133 3004 1153 3068 l
1193 3008 1448 3090 pereunt
1473 3003 1667 3068 maesti
1694 3002 1905 3070 solatia
1930 3004 2056 3071 nafi

759 3109 921 3175 Vitae
949 3108 1192 3190 deliciae,
1222 3108 1680 3197 praeddiumque
1697 3131 1865 3177 meae.

684 3217 928 3283 Funera
956 3225 1097 3304 post
1122 3216 1490 3304 lachrymosa
1517 3225 1775 3318 patrum,
1805 3217 2173 3306 fratrumque
2200 3241 2467 3289 meorum

761 3317 904 3385 Una
929 3319 1080 3385 mihi
1107 3326 1377 3407 superest
1401 3343 1570 3386 nunc
1595 3319 1870 3389 Leonora
1898 3345 2065 3389 soror

685 3421 840 3494 Quae
864 3428 1130 3490 teneram
1158 3424 1388 3510 superis
1415 3424 1665 3490 sacravit
1694 3423 1865 3510 virgo
1900 3423 2212 3510 juventam

766 3527 970 3591 Aurea
997 3525 1278 3592 stelliferi
1305 3527 1464 3594 dicta
1492 3534 1696 3595 secuta
1721 3527 1940 3595 Patris.

685 3626 1012 3693 Exanimos
1037 3629 1182 3696 alios
1208 3635 1384 3696 natos
1410 3632 1622 3696 flevere
1649 3638 1924 3718 parentes

770 3729 1174 3817 Exequiisque
1193 3731 1409 3818 juvant
1437 3735 1688 3821 pignora
1715 3741 1885 3821 rapta
1914 3736 2048 3821 piis.

685 3837 982 3904 Luximus
1010 3838 1156 3924 ipse,
1186 3859 1472 3924 sororque
1501 3838 1604 3905 diu
1633 3860 1783 3919 mea,
1813 3841 1937 3905 fata
1963 3847 2277 3928 parentum

769 3946 906 4012 Nec
932 3969 1072 4012 eum
1100 3945 1338 4013 Helena
1363 3947 1578 4012 Daniel
1607 3949 2054 4035 praetereundus
2082 3957 2227 4019 erat.

687 4051 855 4125 Quid
882 4059 1135 4140 prosunt
1162 4053 1392 4134 animia,
1422 4055 1700 4140 gemitus,
1730 4057 2003 4145 suspiria,
2031 4057 2283 4126 luctus?

770 4160 1089 4227 Extinctos
1115 4159 1429 4250 lachrymae
1456 4184 1606 4229 num
1631 4185 1905 4230 revocare
1930 4165 2182 4233 valent?

687 4265 1026 4354 Purpureos
1051 4287 1222 4352 reges
1248 4289 1372 4333 una
1398 4290 1535 4334 eum
1563 4291 1821 4356 paupere
1845 4270 2027 4337 turba

773 4370 1032 4437 Decreto
1059 4369 1258 4436 stabili
1285 4393 1444 4436 mors
1471 4372 1809 4439 truculenta
1834 4375 2011 4461 rapit.

700 4471 920 4539 Ultima
949 4493 1247 4561 quemque
1273 4480 1520 4539 manent
1546 4475 1817 4562 fugitivoe
1846 4485 2114 4564 tempora
2141 4479 2279 4544 vitae

779 4581 914 4648 Nec
941 4580 1142 4669 potuit
1168 4603 1375 4668 parcas
1401 4578 1527 4645 ulla
1554 4585 1756 4645 tenere
1783 4602 2039 4646 manus:

691 4683 857 4751 Dum
881 4684 1083 4750 tacitis
1108 4682 1302 4771 rapidi
1329 4681 1616 4749 labuntur
1641 4681 1915 4770 passibus
1942 4683 2113 4750 anni‘

779 4789 1165 4877 Praepropera
1191 4788 1362 4875 pueri
1389 4791 1580 4854 morte
1608 4807 1895 4874 senesque
1923 4786 2166 4873 jacent3
2260 4793 2265 4796 '

2694 708 2793 771 xix
