3634 5842
931 784 1054 846 230
1337 781 1754 849 o'sunnnvam
1797 802 2114 847 Hls'romess
2144 800 2530 858 cunonem,
2560 801 2710 847 ron.
2756 799 2861 844 111.
3024 779 3181 864 [un.
3227 798 3317 845 v1.

927 970 1104 1015 suum
1133 947 1450 1015 Botherico
1479 949 1647 1015 fratri
1698 947 1997 1035 delegans,
2029 970 2165 1014 cum
2218 946 2572 1034 Raymundo
2601 946 2831 1026 Barko,
2862 954 2923 1013 et
2950 946 3087 1012 aliis
3188 948 3321 1012 ucis

923 1036 989 1099 in
1021 1034 1374 1120 Hispaniam
1404 1035 1736 1101 subsidium
1764 1036 2021 1121 petitum
2073 1035 2532 1122 proficiscitur*
2618 1033 3052 1100 O’Sullevanus
3155 1056 3317 1100 omo-

923 1124 1057 1187 nios
1085 1144 1226 1187 suos
1255 1129 1318 1186 et
1347 1122 1654 1209 Hispanos
1683 1126 1720 1189 θ,
1749 1122 2041 1189 Zubiaure
2090 1129 2359 1208 receptos
2403 1122 2708 1208 colligens,
2738 1120 3105 1187 Richardum
3131 1122 3314 1187 'Pirel-

921 1209 1067 1287 lum,
1101 1208 1588 1296 Gulielmumque
1633 1209 1911 1275 Burkum
1956 1209 2252 1297 stipendio
2302 1209 2639 1275 conducens
2685 1209 2957 1295 Anglum
2984 1214 3317 1275 commeatu

919 1294 1232 1382 prohibere
1261 1302 1326 1362 et
1352 1318 1582 1382 cogere,
1633 1304 1704 1363 ut
1751 1296 2060 1363 obsidione
2110 1297 2324 1375 soluta,
2372 1302 2564 1362 castra
2592 1296 2908 1383 relinquat,
2938 1296 3313 1375 constituit,†

920 1382 1160 1469 Aquilae
1190 1382 1470 1463 scribens,
1501 1406 1580 1450 ne
1636 1384 1923 1450 virtutem
1978 1406 2149 1451 suam
2206 1382 2455 1463 deserat,
2487 1405 2565 1449 ne
2622 1383 2822 1449 animo
2882 1382 3136 1463 deficiat,
3194 1404 3313 1449 neu

921 1469 1212 1556 oppidum
1262 1470 1477 1536 tradat.
1565 1470 1865 1537 Caeterum
1915 1470 2141 1558 Aquila
2190 1492 2329 1537 cum
2377 1470 2550 1535 hoste
2599 1469 2790 1535 faedus
2836 1476 3207 1556 percusserat
3248 1492 3319 1535 ea

918 1556 1279 1636 conditione,
1313 1564 1384 1622 ut
1411 1556 1526 1623 sibi
1574 1558 1778 1625 liceret
1822 1580 1963 1625 cum
1998 1558 2263 1623 exercitu
2291 1579 2421 1636 suo,
2452 1564 2515 1623 et
2541 1556 2719 1623 rebus
2748 1556 3031 1622 omnibus
3058 1557 3125 1621 in
3166 1556 3312 1621 His-

959 1644 1156 1709 aniam
1183 1644 1395 1725 redire,
1425 1652 1487 1710 et
1515 1644 1805 1731 oppidum
1834 1666 1960 1711 non
2008 1644 2259 1724 tradere,
2290 1644 2481 1710 donec
2506 1644 2761 1730 receptis
2790 1666 2825 1709 a
2870 1665 3121 1730 prorege
3146 1645 3310 1709 mvi-

958 1751 1050 1810 us,
1081 1736 1144 1796 et
1171 1732 1389 1811 nautis,
1421 1730 1692 1811 solveret,
1725 1731 1880 1798 datis
1926 1730 2233 1797 obsidibus
2259 1752 2441 1797 naves
2484 1752 2689 1796 rursus
2718 1730 3123 1813 dimittendi.‡
3210 1730 3311 1796 Ita

916 1816 1142 1903 Aquila
1183 1820 1499 1883 revertitur
1547 1819 1779 1885 amissis
1824 1820 1893 1885 in
1938 1842 2010 1887 ea
2058 1819 2433 1907 expeditione
2479 1818 2824 1904 quingentis
2870 1816 3194 1902 peditibus,
3248 1824 3309 1883 et

917 1904 1134 1990 Anglis
1163 1904 1230 1969 in
1257 1904 1592 1971 Keansaliae
1636 1912 1875 1972 tantum
1925 1905 2263 1972 obsessione
2310 1904 2653 1971 desideratis
2682 1904 2937 1991 mplius
2966 1912 3105 1970 octo
3132 1904 3307 1971 milli-

913 1988 1045 2070 bus,
1100 1992 1208 2077 qui
1255 1992 1431 2071 ferro,
1477 1992 1652 2072 fame,
1703 1993 1941 2079 frigore,
1989 1993 2445 2080 pestilentiaque
2486 1992 2810 2079 perierunt.
2901 1990 3205 2057 O’Nellus
3247 1999 3309 2057 et

913 2076 1269 2144 Rothericus
1301 2078 1624 2146 O'Donelli
1639 2079 1821 2145 frater
1842 2079 2167 2145 Momoniis
2188 2079 2409 2145 relictis
2436 2080 2503 2145 in
2530 2078 2743 2145 itinere
2768 2085 3023 2165 uterque
3053 2076 3306 2144 alterum

911 2162 1178 2230 dimittit.
1268 2164 1563 2231 O’Nellus
1590 2168 1656 2231 in
1683 2166 1965 2231 Til-onam
1994 2168 2326 2253 pervenit.§

1925 2592 2107 2659 CAP.
2154 2592 2273 2657 XI.

1587 2814 1925 2868 Rothericus
1952 2812 2175 2885 Regina
2198 2812 2605 2866 reconciliatur.

904 3002 1313 3101 Rornnnicus
1331 3024 1483 3102 ‘cum
1511 3001 1741 3068 Lacum
1785 3001 2075 3102 Sixidilem
2120 3000 2370 3102 Midhiae
2400 3024 2477 3087 op
2520 2999 2689 3064 idum
2717 3000 3295 3103 praetergrederetur,

903 3088 1893 3261 ἓξῖὶῖῖὲηὲᾞξΐέηῗζέἕέἓέ
1894 3086 2791 3261 ¹53m2235¹3223⁶32331231332¹
2874 3088 3299 3253 {ttjffffisss

899 3260 1149 3325 liberare
1175 3262 1501 3359 cupientes,
1525 3262 1624 3326 alii
1654 3260 1926 3342 sudibus,
1957 3261 2057 3327 alii
2100 3260 2330 3347 gladiis,
2381 3262 2481 3327 alii
2530 3261 2715 3328 hastis
2766 3262 2977 3327 armati
3068 3262 3295 3329 raelium

899 3348 1207 3412 temerarie
1255 3356 1502 3413 ineunt:
1549 3349 1588 3412 a
1637 3348 1943 3413 Botherici
1993 3350 2267 3434 equitatu
2314 3348 2523 3413 leviter
2566 3346 2863 3413 vulnerati
2911 3348 3025 3413 fac'
3050 3348 3085 3414 ἑ
3126 3358 3296 3437 terga

899 3441 1161 3499 vertunt.
1249 3432 1576 3519 Fugientes
1623 3435 1690 3499 in
1736 3456 2004 3521 pugnam
2054 3436 2363 3501 restituere
2413 3434 2760 3522 praesidiarii
2810 3435 3159 3516 moliuntur,
3190 3438 3293 3501 sed

899 3522 1136 3674 ³133}OE
1165 3520 1238 3585 ab
1269 3522 1540 3691 ‘equitatu
1568 3522 1955 3587 circumventi
1984 3520 2257 3588 delentur
2284 3522 2529 3588 ducenti
2557 3522 2807 3601 circiter,
2838 3522 2940 3587 vix
2969 3522 3292 3610 sospitibus

1055 3632 1084 3673 s
1102 3630 1353 3673 nunciis.

983 3694 1339 3761 Bothericus
1390 3694 1634 3760 domum
1680 3716 1950 3761 reversus
2000 3717 2233 3761 menses
2280 3694 2508 3780 aliquot
2554 3696 2779 3760 ventris
2829 3695 3000 3760 fluxu
3040 3692 3287 3761 laborat.

896 3781 1149 3847 Interim
1178 3782 1328 3867 regii
1356 3804 1430 3847 ex
1458 3781 1844 3848 Munimento
1872 3788 2270 3863 externorum,
2314 3788 2490 3860 terra,
2521 3788 2583 3847 et
2610 3805 2765 3868 aqua
2807 3783 3087 3847 facientes
3116 3804 3288 3868 expe-

848 3936 854 3942 ,
896 3870 1183 3935 ditionem
1213 3868 1774 3935 Bealanthasanium
1804 3869 2111 3935 castellum
2141 3869 2375 3935 nemine
2403 3866 2754 3955 prohibente
2796 3868 3105 3935 obsidione
3133 3869 3292 3935 cinc-

893 3963 1026 4021 tum
1055 3957 1368 4021 tormentis
1400 3956 1664 4021 diruunt.
1753 3956 1987 4022 Tullius
2016 3953 2438 4035 O'Gallachur,
2507 3956 2573 4022 ui
2612 3956 2921 4022 castellum
2946 3976 3085 4021 cum
3114 3955 3287 4041 quin-

895 4043 1182 4129 quaginta
1211 4065 1315 4107 sex
1343 4041 1597 4120 IberniS,
1630 4049 1691 4107 et
1721 4042 2013 4132 Hispanis
2062 4049 2318 4129 quatuor
2360 4048 2498 4108 tene
2541 4049 2620 4123 at,
2653 4043 2761 4108 diu
2786 4044 3039 4122 fortiter,
3070 4052 3131 4107 et
3158 4043 3289 4108 aui-

893 4130 1057 4196 mose
1086 4152 1194 4217 pro
1240 4151 1416 4194 muro
1461 4128 1765 4209 dimicans,
1797 4152 1869 4196 eo
1911 4132 2038 4217 jam
2066 4138 2361 4218 prostrato
2390 4153 2528 4196 cum
2570 4130 2861 4196 militibus
2890 4136 3075 4195 noctu
3102 4129 3283 4216 fugit,

962 4363 985 4388 '¹
1025 4356 1180 4411 Four
1206 4350 1465 4412 Masters,
1491 4369 1544 4421 p.
1575 4354 1709 4405 2291
1735 4373 1752 4417 3
1795 4352 1996 4407 Pacata
2020 4350 2307 4416 Hibernia,
2333 4353 2441 4407 vol.
2470 4352 2528 4405 ii.
2596 4390 2611 4406 .
2637 4354 2764 4407 424.

961 4436 991 4501 †
1014 4426 1104 4481 He
1129 4440 1238 4477 was
1261 4422 1556 4493 appointed
1581 4421 1650 4494 by
1679 4422 1991 4478 O'Donnell
2016 4424 2125 4477 and
2146 4422 2272 4478 O'N
2274 4424 2344 4478 eil
2366 4440 2535 4496 gener
2605 4423 2670 4477 of
2681 4422 2773 4477 the
2802 4422 3057 4477 Munster
3080 4421 3277 4477 forces.

891 4506 1046 4559 Four
1073 4498 1329 4557 Masters‚
1353 4511 1407 4565 p.
1439 4496 1598 4548 2291.

961 4576 992 4643 ξ
1021 4573 1126 4626 See
1146 4567 1238 4621 the
1263 4564 1502 4620 Articles
1527 4564 1593 4618 of
1612 4563 1989 4636 Capitulation
2013 4565 2068 4619 in
2087 4566 2181 4619 the
2198 4564 2407 4619 Pacata
2431 4563 2717 4619 Hibernia.
2790 4563 2920 4619 Dou
2942 4563 2982 4617 J
2984 4582 3107 4629 uan,
3132 4563 3279 4618 after

887 4646 971 4701 his
994 4652 1188 4699 return
1225 4646 1283 4691 to
1309 4638 1346 4692 S
1384 4637 1492 4699 ain,
1518 4654 1627 4690 was
1669 4636 2001 4707 imprisoned
2039 4654 2112 4690 on
2150 4636 2245 4691 the
2268 4635 2583 4691 accusation
2634 4634 2699 4689 of
2726 4634 2820 4689 the
2844 4634 2989 4689 Irish
3018 4634 3279 4707 fugitives

887 4716 1067 4771 -and
1091 4710 1350 4765 desei-ved
1371 4726 1423 4779 y,
1449 4708 1502 4760 if
1527 4714 1625 4761 not
1648 4707 1738 4761 for
1765 4708 2070 4779 treachery,
2096 4715 2155 4761 at
2180 4708 2319 4763 least
2344 4705 2431 4762 for
2454 4724 2611 4779 gross
2636 4706 2963 4778 incapacity.

959 4790 988 4856 ξ
1025 4786 1178 4841 Four
1207 4779 1466 4840 Mamers,
1493 4796 1546 4848 p.
1567 4780 1726 4838 2327.

959 4862 978 4930 fl
1019 4856 1138 4912 Not
1161 4848 1430 4904 recorded
1453 4847 1523 4919 by
1548 4848 1642 4903 the
1664 4847 1820 4903 Four
1850 4850 2106 4904 Masters.
