3634 5842
391 752 528 803 cn.
573 738 681 823 11.]
883 753 968 799 nn
997 752 1296 805 curuos
1325 752 1547 801 rums
1575 752 2067 801 rumommms
2094 756 2377 807 ruricus.
2654 742 2775 807 267

387 924 507 998 tur,
537 918 880 1004 perdentur,
910 920 1005 985 vel
1033 919 1228 985 affecti
1257 919 1550 1009 supplicio
1579 941 1814 986 summo
1841 920 1937 986 vel
1962 921 2029 986 in
2067 942 2355 987 carcerem
2396 919 2652 1004 conjecti
2686 918 2783 983 vel

386 1006 452 1070 in
480 1005 754 1071 exsilium
779 1007 1060 1093 relegati:
1093 1006 1454 1087 Secundum,
1483 1012 1556 1071 ut
1592 1008 1790 1073 coeteri
1828 1030 2127 1073 armorum
2156 1006 2592 1085 exercitatione,
2621 1005 2781 1069 litte-

385 1092 1609 1267 mffvmffifflegm
1635 1091 2785 1267 meam

383 1202 750 1353 redigantur,
775 1274 835 1333 et
855 1231 1202 1333 mune’ribus
1221 1266 1498 1421 plublicis,
1529 1232 1708 1354 atque
1721 1202 2481 1335 rerumqadministrationg
2504 1201 2780 1332 πιθέσθα-

385 1360 505 1433 tur,
535 1354 601 1419 in
629 1376 833 1419 eorum
861 1354 1062 1421 locum
1089 1354 1232 1441 Aug
1257 1357 1305 1421 's
1332 1362 1514 1442 atque
1543 1356 1736 1421 Scotis
1765 1355 2047 1421 suffectis.
2138 1353 2456 1433 Quartum,
2494 1359 2568 1418 ut
2592 1353 2779 1418 haere-

383 1440 639 1505 ticorum
657 1440 880 1527 templa
905 1442 1279 1527 frequentare
1308 1450 1369 1508 et
1398 1442 1773 1509 caeremonias
1789 1443 2111 1530 profiteri,n
2135 1460 2453 1527 regemque
2482 1438 2525 1503 J
2526 1439 2777 1505 acobum
2798 1448 2977 1517 [206]

385 1548 514 1593 ωδε
563 1527 846 1595 Ecclesiae
895 1551 1140 1595 suorum
1187 1550 1510 1616 regnorum
1557 1536 1757 1615 caput,
1787 1535 1851 1594 et
1891 1530 2218 1616 principem
2240 1528 2441 1613 jurare
2468 1533 2779 1612 cogantur.

387 1612 706 1695 Quintum,
737 1622 810 1680 ut
835 1616 902 1681 in
929 1617 1100 1702 regni
1127 1615 1542 1695 conventibus,
1571 1614 1734 1701 quod
1763 1615 2207 1683 Parlamentum
2232 1620 2471 1692 vocant,
2500 1613 2565 1679 in
2594 1634 2782 1679 sacer-

387 1700 576 1779 dotes,
629 1724 952 1788 eorumque
999 1712 1351 1790 receptores,
1403 1712 1584 1789 atque
1629 1709 2013 1789 protectores,
2045 1704 2226 1789 quam
2254 1701 2591 1767 soevissimae
2620 1700 2783 1787 leges

385 1787 859 1855 introducantur.
950 1788 1190 1860 Quibus
1213 1790 1323 1854 viis
1340 1790 1623 1877 quinque,
1641 1789 1831 1877 Angli
1846 1789 2185 1856 Catholicos
2206 1795 2385 1873 atque
2414 1786 2782 1853 catholicam

387 1874 764 1961 Religionem
807 1878 874 1942 in
923 1876 1168 1943 Ibernio.
1216 1884 1474 1942 evertere
1525 1876 1899 1965 summopere
1947 1875 2239 1956 laborant,
2292 1872 2502 1941 callide
2558 1880 2781 1953 tamen,

387 1961 585 2047 quoad
633 1962 760 2031 fieri
885 1968 1022 2041 test,
1077 1962 1246 2049 quasi
1296 1962 1460 2029 aliud
1510 1980 1709 2050 agant,
1757 1965 1943 2051 idque
1984 1964 2221 2029 tantum
2248 1960 2587 2041 intendant,
2658 1960 2783 2026 uod

385 2049 564 2134 regis,
595 2048 804 2137 reipub
834 2051 1052 2136 'coeque
1092 2050 1348 2129 intersit,
1378 2073 1504 2116 non
1545 2051 1710 2137 quod
1759 2050 2115 2117 Christianae
2143 2049 2282 2115 fidei
2334 2047 2512 2114 obsit.
2664 2047 2783 2113 nde

385 2136 574 2201 totius
617 2136 830 2202 insuloe
878 2137 1091 2223 ingens
1139 2136 1528 2223 perturbatio,
1581 2146 1642 2203 et
1689 2138 1969 2203 interitus
2010 2137 2294 2203 nascitur.
2385 2134 2541 2206 Quae
2583 2134 2785 2200 omnia

387 2222 753 2308 apertissime
779 2223 1142 2289 constabunt
1170 2244 1244 2289 ex
1272 2224 1366 2290 his
1395 2244 1530 2312 quoe
1559 2225 1832 2305 dicimus,
1855 2224 2106 2290 aliorum
2126 2223 2508 2303 calamitates,
2534 2222 2781 2287 aliarum

385 2310 752 2396 iniquitates,
781 2311 940 2377 varia
967 2312 1144 2396 regis,
1175 2318 1355 2397 atque
1404 2312 1671 2398 protegis
1698 2312 1913 2391 edicta,
1944 2310 2316 2377 saecularium
2346 2317 2406 2375 et
2436 2308 2783 2375 ecclesiasti·

387 2419 592 2462 eorum
621 2398 900 2475 virorum,
933 2398 1110 2475 dicta,
1139 2398 1313 2477 facta,
1343 2406 1684 2485 mortesque
1709 2399 2049 2465 referentes.

1411 2770 1591 2839 GAP.
1637 2772 1732 2837 11.

933 2946 1108 3020 Regis
1132 2946 1370 3003 edietum
1397 2949 1453 3003 in
1481 2948 1823 3008 Gethone-,m
1848 2948 2217 3021 Religionem.

385 3114 730 3179 ancmo
781 3109 1048 3175 Jacobus
1097 3109 1496 3175 Steeuvardus
1549 3110 1768 3176 Scotiae
1795 3132 1903 3177 rex
1928 3111 1993 3175 in
2023 3110 2305 3198 Angliam
2336 3120 2651 3199 regnatum
2680 3138 2776 3181 ac-

384 3201 540 3266 citus
586 3196 1086 3286 quemadmodum
1135 3196 1688 3299 demonstravimus,
1706 3198 1859 3298 ‘cum
1887 3198 2220 3299 pristinum·
2236 3198 2431 3265 foedus
2460 3222 2598 3266 cum
2629 3200 2773 3267 His-

384 3284 1195 3471 ffissffifflssfflffiss’
1227 3284 1724 3471 ⁰0¹31¹32¹31¹¹52P31¹233
1757 3282 2781 3471 ssusspcffiffiffltffffiss'effi

385 3462 603 3548 aliique
631 3465 937 3545 magnates
967 3457 1172 3525 Iberm
1201 3480 1394 3523 sacras
1422 3456 1696 3525 eccleslas
1742 3481 2117 3539 eoncmnare,
2146 3460 2557 3546 religiosorum
2586 3485 2778 3529 caeno-

385 3546 485 3614 bia
511 3546 880 3624 resedificare,
912 3552 974 3610 et
1003 3544 1270 3610 divinum
1299 3545 1528 3611 cultum
1559 3544 1635 3611 ed
1664 3546 1985 3630 pristinum
2014 3552 2257 3627 statum,
2288 3547 2779 3635 splendoremque

383 3636 710 3713 restituere,
739 3654 865 3697 non
893 3630 1440 3716 praetermittebant.
1502 3631 1582 3696 In
1611 3630 1855 3697 Ibemie
1880 3638 2039 3697 terra
2066 3632 2201 3712 coli,
2229 3633 2315 3699 rei
2342 3635 2579 3699 rusticae
2601 3658 2781 3721 opera

384 3721 532 3802 dari,
554 3719 801 3786 aedificia
821 3718 1108 3797 construi,
1129 3717 1192 3796 ii,
1255 3718 1322 3783 ui
1339 3718 1540 3785 inedia¹
1558 3718 1714 3805 pulsi
1737 3725 1966 3783 exteras
1986 3726 2197 3804 gentes
2214 3720 2547 3804 petiverant
2566 3722 2777 3805 redire,

383 3808 656 3875 omnium
664 3826 862 3872 rerum
880 3804 1052 3890 copia
1061 3803 1222 3869 abun
1265 3827 1364 3871 are
1379 3811 1920 3891 coeperunt,omnes
1927 3812 2065 3889 post
2080 3804 2331 3891 longum
2350 3814 2413 3873 et
2426 3809 2779 3877 acerrimum

383 3893 606 3961 bellum
638 3892 789 3969 ocio,
819 3898 881 3955 et
905 3890 1336 3977 tranquillitate
1385 3890 1711 3977 gaudentes
1751 3891 1985 3976 ingenti
2012 3891 2223 3957 laetitis
2250 3892 2777 3979 perfundebantur.

381 3982 541 4047 Tum
569 3978 707 4043 vero
737 3977 778 4042 J
780 3976 1000 4043 acobus
1027 3984 1165 4064 post
1193 3977 1432 4061 Angliae
1451 3978 1781 4063 Scotiaeque
1797 4000 1891 4043 res
1910 3979 2265 4065 compositas
2286 3981 2351 4044 in
2378 3980 2451 4045 iis
2480 4002 2559 4046 ne
2585 3982 2779 4049 ullum

381 4066 688 4153 religionis
715 4064 1032 4149 vestigium
1060 4064 1390 4149 relinquere
1441 4072 1709 4144 conatus,
1739 4064 1816 4130 ad
1846 4063 2102 4130 Iberniae
2130 4065 2305 4131 fidem
2336 4068 2777 4151 conterendam,

382 4162 446 4221 et
459 4152 800 4221 Catholieos
827 4150 1208 4250 extirpandos
1234 4172 1410 4217 omne
1438 4146 1724 4231 studium,
1743 4173 2101 4237 omnemque
2128 4174 2199 4219 eo
2246 4152 2551 4220 'tationem
2580 4157 2777 4223 vertit.

380 4240 652 4308 Primum
680 4260 840 4304 anno
869 4244 1064 4327 tertio,
1095 4238 1276 4323 quam
1303 4238 1368 4303 in
1397 4238 1640 4304 Ibernifl.
1667 4245 1730 4303 et
1756 4238 1983 4325 Anglis
2021 4261 2205 4327 regna
2280 4246 2327 4318 t,
2358 4240 2473 4307 hoc
2516 4241 2779 4309 edietum

379 4326 616 4417 promul
693 4326 747 4390 ri
793 4324 1066 4411 imperat,
1113 4325 1241 4413 ejus
1289 4326 1698 4391 executionem
1748 4326 1875 4390 suis
1916 4325 2202 4393 ministris
2243 4326 2584 4413 in'ungens,
2616 4330 2778 4415 quod

384 4438 458 4481 ex
647 4436 686 4479 o
715 4432 984 4477 sermone
1011 4412 1076 4476 in
1105 4410 1396 4479 Latinum
1422 4434 1459 4477 a
1487 4410 1660 4477 nobis
1687 4411 2063 4493 translatum,
2093 4412 2180 4478 ita
2206 4436 2268 4477 se
2297 4350 2516 4479 imbet:

1421 4614 1717 4679 Ediem.
2360 4551 2385 4575 o

391 4762 516 4815 Ρη
540 4762 594 4816 R.
699 4782 771 4817 m.
848 4762 990 4817 Cum
1017 4760 1188 4816 fuerit
1211 4761 1440 4817 allatum
1465 4760 1641 4825 uobis,
1667 4768 1883 4816 nostros
1908 4761 1963 4815 in
1994 4760 2227 4819 Iber-nin
2251 4780 2424 4836 regno
2442 4766 2689 4823 subditos
2706 4771 2775 4824 ab

387 4833 538 4887 obitu
575 4780 786 4887 d‘ifgctoe
808 4841 1010 4888 nostra
1033 4834 1239 4889 sororis
1281 4832 1626 4889 Elizabethae
1667 4834 1870 4905 reg-ime
1912 4832 2050 4889 falso
2090 4828 2327 4904 quodam
2370 4853 2592 4893 rumore
2630 4841 2774 4895 inter
