3634 5842
849 621 928 684 20
1271 613 1683 680 o’sumvm
1725 631 2041 678 maroam
2084 627 2469 688 cunonem,
2512 631 2660 678 rou.
2692 631 2738 676 1.
2934 609 3091 696 [mn.
3136 631 3215 677 11.

850 790 1244 875 Evangelium
1272 788 1398 854 anti
1437 788 1600 853 uitus
1642 785 2066 872 promulgaret,
2108 786 2375 870 quamvis
2404 785 2839 886 philosophiam
2870 805 3039 850 suam
3068 783 3219 850 divi-

849 899 1009 957 nam,
1039 877 1300 961 caeloque
1328 897 1398 940 co
1477 895 1646 960 psam
1673 873 1812 939 vitae
1841 893 2077 957 quoque
2102 873 2443 958 integritate
2485 879 2547 940 et
2572 872 2987 938 miraculorum
3014 871 3219 937 multi-

851 964 1062 1030 tudine
1113 963 1522 1029 confirmaret=
1565 959 1863 1044 indigenae
1910 965 2115 1024 tamen
2156 965 2326 1025 erant
2372 959 2520 1026 adeo
2566 959 2869 1038 obstinati,
2920 967 2990 1025 ut
3035 960 3221 1044 longo

683 1057 832 1124 [16.]
853 1059 1120 1138 tempore
1146 1071 1354 1137 parum
1383 1047 1726 1135 profuerim}
1820 1045 2221 1117 Quamobrem
2248 1052 2321 1111 ut
2346 1069 2449 1112 eos
2474 1047 2549 1113 ab
2570 1047 2859 1112 indomita
2884 1046 3115 1113 feritate
3142 1045 3221 1110 ad

855 1137 1114 1204 melioris
1143 1138 1280 1202 vitae
1307 1137 1364 1201 fr
1568 1139 1859 1202 verteret:
1906 1155 1943 1197 a
1968 1133 2180 1218 gentili
2206 1134 2622 1220 superstitione
2663 1133 2739 1200 ad
2769 1133 2983 1199 divinae
3008 1134 3222 1198 verita·-

854 1226 938 1291 tis
965 1225 1366 1310 cognitionem
1437 1228 1672 1301 uceret3
1704 1244 1740 1286 a
1765 1217 2055 1285 malorum
2074 1219 2409 1286 daemonum
2436 1222 2719 1288 servitute
2744 1221 2811 1286 in
2826 1221 3219 1287 Christianam

855 1312 1190 1378 libertatem
1217 1315 1517 1389 assereret,
1563 1314 1626 1374 et
1672 1309 1991 1372 instrueret
2037 1306 2210 1372 bonis
2254 1306 2538 1387 moribus,
2569 1308 2643 1374 de
2670 1309 2971 1394 perpetuis
2999 1307 3223 1372 Averni

859 1400 1070 1485 poenis,
1135 1399 1212 1463 de
1263 1396 1608 1483 ingentibus
1663 1395 1992 1482 purgatorii
2062 1393 2440 1475 cruciatibus,
2497 1395 2571 1460 de
2626 1417 2857 1460 summa
2914 1395 3222 1461 beatorum

860 1488 1078 1571 quiete,
1128 1491 1190 1550 et
1231 1483 1658 1571 tranquillitate
1707 1482 2055 1547 creberrime
2098 1481 2279 1548 verba
2324 1479 2595 1548 faciebat.
2680 1482 2975 1548 Oaeterum
3022 1503 3101 1546 ne
3126 1481 3223 1546 his

899 1573 1100 1638 uidem
1153 1572 1351 1637 nervis
1403 1571 1604 1657 potuit
1673 1569 1985 1635 obstinatae
2056 1569 2223 1654 genti
2292 1590 2462 1634 suam
2530 1569 2885 1634 sententiam
2954 1567 3223 1654 probare.

925 1661 1025 1745 uip
1129 1657 1419 1724 diabolica
1444 1657 1651 1724 fraude
1678 1656 1913 1743 decepti
1938 1655 2204 1742 plerique
2218 1655 2673 1744 respondebant,
2704 1655 2983 1722 dedecere
3010 1677 3072 1720 se
3098 1661 3223 1720 tam

859 1682 1100 1813 mobifie
1093 1752 1155 1812 et
1181 1744 1542 1811 inconstanti
1569 1744 1767 1810 animo
1795 1765 1942 1821 esse,
1986 1750 2057 1808 ut
2084 1743 2429 1828 alienigenae
2454 1743 2793 1808 testimonio
2823 1742 3009 1822 ducti,
3038 1765 3075 1806 a
3102 1764 3223 1807 ma-

854 1836 1056 1921 jorum
1082 1833 1392 1912 institutis,
1423 1854 1459 1897 a
1485 1831 1678 1918 prisca
1718 1830 2149 1896 consuetudine
2194 1831 2525 1916 antiquiore
2572 1830 2881 1896 hominum
2924 1829 3223 1907 memoria,

861 1922 940 1986 ad
966 1943 1182 1987 novam
1201 1925 1388 2004 ‘atque
1417 1916 1820 2005 superioribus
1848 1915 2081 1982 saeculis
2095 1917 2422 1983 inauditam
2444 1917 2787 2003 religionem
2809 1917 3224 1982 doeciscerent:

868 2009 1194 2095 praesertim
1225 2029 1363 2072 cum
1399 2005 1584 2071 Divus
1611 2004 1901 2070 Patritius
1930 2027 2000 2070 ea
2026 2026 2161 2089 quse
2190 2004 2424 2070 dicebat
2470 2026 2596 2069 non
2623 2003 2998 2069 ostenderet:
3044 2025 3113 2069 ac
3138 2005 3227 2068 ita

863 2117 930 2246 ἓξ
956 2093 1234 2246 1)ῐίψὲιὲΙί
1261 2091 1927 2251 fidemtn⁰th⁸bimff⁸
1956 2113 2133 2177 quam
2160 2089 2321 2243 filiam
2337 2091 2905 2244 faelidtaffffitiiue
2932 2089 3228 2242 calaffiita-

928 2203 1088 2248 moc
1229 2203 1492 2246 cernan.
1643 2199 1845 2244 uamo
1928 2199 2141 2244 caecam
2234 2200 2656 2244 ominumos
2833 2200 3007 2243 onem
3118 2199 3229 2242 vus

868 2268 1436 2441 fflssssssfflffff
1452 2265 1780 2419 3233.ss
1787 2264 2552 2440 Ἥωῗὶῗὲεέἲῗῗὲἑ,
2603 2264 3231 2437 ἓοᾶἶῖιῖἓᾞῗῗὲ

2378 2401 2398 2432 2

863 2441 1106 2528 jejunia,
1156 2463 1358 2528 preces
1409 2439 1677 2506 devovet.
1785 2437 2025 2511 Quibus
2073 2438 2242 2503 Deus
2289 2437 2427 2504 beni
2516 2439 2529 2453 '
2597 2439 2611 2454 ‘
2674 2461 2748 2504 us
2810 2461 3078 2505 annuens
3138 2437 3231 2504 ini

876 2529 1078 2612 (sicuti
1107 2527 1354 2612 solebat)
1391 2527 1739 2614 comparuit,
1787 2525 2147 2612 donavitque
2191 2525 2411 2592 librum
2494 2525 2761 2612 vangelia
2808 2532 3013 2592 sancta
3038 2526 3229 2591 conti-

867 2622 1096 2681 tentem
1124 2622 1186 2681 et
1213 2615 1494 2702 stipitem,
1523 2615 1630 2699 qui
1651 2613 1694 2678 J
1693 2635 1800 2678 esu
1828 2613 2051 2678 Christi
2080 2611 2325 2678 baculus
2352 2613 2699 2699 appellatur,
2730 2619 2791 2678 et
2816 2613 3049 2691 merito,
3092 2634 3231 2677 cum

873 2700 949 2768 ab
967 2725 1036 2767 eo
1063 2702 1242 2768 fuerit
1271 2701 1430 2767 fideli
1459 2723 1626 2767 servo
1657 2701 1853 2766 datus.
1903 2699 2177 2785 Utroque
2203 2723 2342 2766 vero
2369 2698 2521 2764 libro
2550 2707 2610 2765 et
2638 2698 2849 2765 baculo
2866 2700 3231 2785 significatur

873 2811 1002 2854 esse
1049 2788 1366 2855 Patr-itiam
1410 2787 1666 2854 Iberniae
1694 2786 2091 2876 Apostobum,
2139 2792 2201 2866 et
2247 2787 2577 2873 proesidem,
2628 2785 3123 2872 quemadmodum
3166 2786 3231 2850 in

871 2875 1879 3029 ἱξῗῖἲιῗᾱῖἑὶἓὲῗῖᾉὲῗῗὲἷῗέἓΐῗ·
1900 2874 2352 3028 ιιὲἷξὲὲὲ
2372 2874 2613 3048 8ξέὲῖ
2637 2874 3233 3046 &fflifflffi

871 3049 1108 3134 inquit''
1138 3073 1174 3115 a
1201 3050 1456 3135 peccatis
1484 3072 1616 3134 quoe
1663 3014 1965 3114 Sacerdoti
2008 3049 2282 3135 panderit
2324 3046 2631 3114 absolutus
2675 3055 2737 3112 et
2780 3069 2987 3113 eorum
3032 3047 3233 3113 dolore

875 3137 1118 3201 affectus
1145 3135 1299 3200 hanc
1325 3135 1666 3221 speluncam
1683 3136 1867 3201 fuerit
1890 3136 2211 3221 ingressus,
2260 3140 2461 3201 reatus
2508 3135 2739 3202 veniam
2784 3133 3124 3222 impetrabit
3172 3141 3235 3200 et

874 3221 977 3287 illa
1003 3229 1265 3287 extrema
1331 3245 1424 3286 ute
1441 3227 1775 3307 peccatores
1801 3229 2098 3307 coguntur
2138 3222 2367 3308 perpeti
2393 3219 2637 3288 videbit.
2716 3221 3008 3288 Creatoris
3035 3221 3232 3286 indul·

875 3309 1078 3394 gentia
1107 3314 1276 3373 tanta
1291 3241 1496 3373 ‘biv-us
1522 3308 1900 3374 vehementer
1939 3306 2192 3388 laetatur,
2227 3309 2555 3394 praesertim
2600 3307 2760 3394 quod
2787 3315 3025 3375 ostensa
3052 3330 3233 3395 specu

873 3393 1215 3462 hominibus
1243 3417 1452 3480 parum
1479 3394 1733 3460 credulis
1760 3417 1825 3460 se
1850 3395 2029 3459 fidem
2052 3395 2349 3460 facturum
2376 3395 2646 3482 putabat.

961 3483 1075 3549 Est
1101 3489 1301 3547 autem
1327 3482 1454 3547 haec
1483 3503 1693 3568 specus
1719 3483 1784 3547 in
1810 3481 2023 3561 insula,
2066 3503 2201 3567 quae
2239 3481 2375 3548 lacu
2402 3504 2640 3570 magno,
2668 3481 3081 3569 profundoque
3110 3504 3233 3546 am-

872 3569 1056 3636 bitur.
1140 3569 1294 3634 Eam
1322 3568 1516 3636 Divus
1541 3567 1768 3634 foribus
1795 3567 2028 3648 clausit,
2055 3568 2328 3655 valloque
2368 3569 2781 3648 circumduxit,
2810 3577 2871 3634 et
2891 3570 3065 3656 juxta
3092 3591 3231 3634 con-

873 3657 1094 3723 struxit
1147 3657 1340 3723 oedem
1398 3657 1748 3722 destinatam
1802 3655 2101 3722 canonicis
2169 3656 2538 3742 regularibus
2598 3655 2877 3742 (quorum
2932 3655 3235 3742 religionis

874 3751 1080 3811 extant
1133 3743 1196 3810 in
1255 3743 1496 3810 Ibernia
1551 3765 1684 3809 com
1722 3742 1855 3808 lura
1908 3744 2264 3811 monasteria
2318 3749 2685 3830 sumptuosa,
2743 3744 3078 3829 majoraque
3120 3743 3237 3808 hoc

874 3831 1188 3916 caenobio.)
1222 3830 1658 3898 Canonicorum
1677 3765 1986 3911 ssraefectO,
2009 3829 2206 3910 (Prior
2227 3833 2495 3914 vocatur)
2522 3831 2677 3895 antri
2706 3829 2896 3895 clavae
2918 3829 3230 3896 commisit.

875 3917 1111 3992 Quibus
1137 3925 1372 3984 constat
1395 3940 1520 3984 non
1546 3919 1860 3998 immerit0,
1887 3917 2239 4004 Purgatorio
2266 3918 2411 3985 Divi
2450 3917 2692 3983 Patricii
2718 3939 2934 3982 nomen
2975 3916 3234 3981 inditum

875 4005 1077 4070 fuisse.
1165 4003 1246 4070 In
1271 4006 1334 4071 id
1384 4027 1516 4070 cum
1564 4004 1859 4071 Patricius
1906 4005 2075 4085 vixit,
2120 4005 2295 4070 multi
2340 4011 2483 4071 sunt
2510 4005 2760 4091 ingressi
2788 4025 2963 4069 causa
2990 4003 3237 4068 crimina

875 4089 1190 4178 purgandi,
1234 4112 1486 4176 quorum
1513 4093 1808 4171 nonnulli,
1856 4093 1961 4177 qui
2007 4094 2275 4158 nutantis
2318 4093 2454 4158 fidei
2498 4092 2759 4170 fuerunt,
2810 4091 3063 4177 amplius
3110 4113 3235 4155 non

713 4191 856 4260 [17.]
877 4179 1220 4244 extiterunt.
1308 4178 1395 4242 At
1419 4177 1510 4242 illi
1538 4177 1641 4264 qui
1668 4179 1837 4243 firma
1880 4183 1941 4243 et
1967 4177 2323 4245 immutabili
2367 4179 2483 4245 fide
2533 4176 2952 4244 muniebantur
2975 4177 3227 4260 reversi„

875 4265 1223 4344 retulerunt,
1255 4287 1319 4330 se
1347 4263 1572 4329 Oreum
1619 4263 1855 4343 vidisse,
1883 4264 2157 4350 ingentes
2206 4267 2499 4332 cruciatus
2548 4287 2673 4331 esse
2716 4285 3040 4350 perpessos,
3073 4285 3235 4349 mag-

875 4375 1012 4417 nam
1043 4375 1278 4438 quoque
1304 4351 1566 4438 requiem
1593 4357 1654 4416 et
1679 4351 2037 4418 faelicitatem
2074 4351 2261 4417 oculis
2286 4353 2585 4418 lustrasse.
2674 4350 2946 4423 Quorum
2970 4351 3235 4416 testimo-

875 4439 977 4504 nia
1004 4438 1198 4505 Divus
1219 4437 1468 4526 jubebat
1494 4439 1654 4504 notis
1681 4439 1892 4526 excipi,
1921 4438 1985 4503 in
2006 4441 2360 4506 monasterio
2377 4438 2679 4518 custodiri,
2708 4444 2771 4502 et
2798 4439 2985 4504 calato
3013 4437 3238 4523 populo

879 4526 1229 4611 praestitutis
1271 4524 1481 4592 diebus
1533 4526 1768 4613 exponi.
1856 4525 2043 4590 Nefas
2086 4533 2286 4591 autem
2328 4533 2437 4605 est,
2483 4546 2837 4610 quemquam
2879 4532 3115 4590 antrum
3144 4525 3238 4589 in·-

873 4613 1030 4676 roire
1059 4612 1175 4677 nisi
1204 4613 1281 4678 ad
1323 4613 1615 4700 expianda
1663 4619 1906 4700 peccata
1950 4617 2010 4678 et
2054 4614 2427 4698 ingressurus
2477 4613 2610 4678 haec
2660 4633 2833 4697 agere
2882 4610 3237 4676 consuescit.

873 4697 1175 4784 Principio
1196 4722 1231 4765 a
1259 4701 1536 4786 pontifice
1563 4700 1658 4766 vel
1683 4703 1980 4789 episcopo,
2011 4701 2181 4787 cujus
2208 4699 2426 4768 finibus
2446 4701 2853 4785 purgatorium
2880 4699 3241 4776 continetur,
