3634 5842
387 731 522 776 car.
555 713 674 797 vn]
859 773 872 780 .
1029 729 1112 780 ne
1155 735 1358 784 annno
1401 735 1766 785 numerem
1808 735 2141 780 ansanum.
2640 718 2767 780 195

387 903 513 962 sese
539 885 700 974 fugae
729 887 1038 954 mandant.
1121 885 1436 968 O'Nellus,
1465 888 1855 968 O’DonelluS,
1886 894 1949 954 et
1975 887 2115 954 Mac
2146 888 2351 966 Guier,
2392 889 2497 974 qui
2524 895 2771 973 praeerat

387 973 702 1058 equitatui,
733 974 1095 1060 fugientium
1121 977 1304 1061 tergis
1331 977 1576 1042 haerent.
1663 975 1865 1055 Fossa,
1894 975 2233 1062 vallumque
2274 975 2452 1059 regiis
2494 984 2621 1040 erat
2648 997 2771 1040 ma-

435 1059 448 1072 ‘
510 1060 935 1145 impedimento
957 1071 1110 1128 tunc
1151 1062 1543 1148 ¹fugientibus,
1616 1085 1752 1128 uam
1781 1062 1957 1129 antea
2006 1059 2506 1148 aggredientibus,
2539 1062 2645 1148 qui
2672 1085 2768 1128 ca-

388 1081 598 1212 {leiim
648 1146 752 1212 alii
800 1166 977 1234 super
1024 1149 1170 1214 alios
1213 1149 1430 1216 fossam
1477 1083 1748 1302 inhia-lent,
1799 1156 1863 1216 et
1904 1150 2169 1237 jacentes
2209 1149 2452 1235 ungus-
2482 1171 2771 1234 equorum

528 1239 780 1320 tumque
805 1233 1054 1320 pedibus
1081 1233 1450 1302 obteruntur.
1625 1237 1840 1302 timum
1868 1259 2100 1322 agmen,
2128 1235 2195 1301 in
2222 1258 2345 1321 quo
2363 1235 2595 1322 Bagnal
2622 1244 2768 1315 erat,

431 1341 542 1384 nce
570 1327 810 1386 mortuo
835 1329 1107 1388 matum
1135 1329 1196 1389 et
1221 1324 1538 1410 trepidum.
1568 1323 1827 1390 turbatis
1866 1323 1998 1390 aliis
2026 1322 2247 1390 auxilio
2274 1345 2399 1388 non
2426 1330 2570 1391 erat,
2654 1323 2771 1388 Ta·

392 1428 530 1505 men
577 1405 934 1476 Melmorrus
977 1408 1054 1476 O'
1057 1409 1267 1476 Bellus
1307 1417 1706 1496 cognomento
1755 1409 2013 1476 Pulcher
2060 1408 2323 1496 trepidos
2366 1409 2540 1497 jubet
2568 1409 2772 1475 adesse

393 1515 592 1560 ammo
637 1499 700 1559 et
747 1517 944 1561 secum
989 1496 1150 1562 hosti
1192 1497 1482 1576 resistere,
1511 1497 1836 1583 speciosius·
1881 1519 2009 1562 esse
2050 1496 2301 1562 interfici
2328 1495 2681 1582 praeliantes,
2712 1503 2775 1560 et

390 1579 572 1659 ultos,
604 1603 780 1667 quam
806 1581 1103 1669 fugientes
1129 1584 1373 1670 impune
1423 1584 1633 1663 occidi,
1662 1592 1723 1649 et
1751 1583 1946 1650 adhuc
1972 1583 2099 1650 fieri
2238 1605 2319 1661 se,
2349 1589 2421 1646 ut
2447 1583 2635 1648 hostis
2662 1582 2773 1647 im-

391 1672 598 1752 petum
627 1668 975 1750 sustineant,
1022 1670 1339 1757 ipsumque
1386 1670 1692 1756 repellant.
1780 1669 2027 1736 Pulchri
2068 1692 2139 1735 co
2183 1669 2473 1734 ortatione
2499 1667 2776 1734 nonnulli

394 1754 742 1834 confirmati,
791 1755 1048 1822 maxime
1087 1758 1337 1843 juvenes
1387 1757 1594 1824 Iberui
1642 1779 1780 1824 cum
1807 1779 1879 1822 eo
1908 1756 2421 1842 consanguinitate
2468 1755 2776 1843 conjuncti

393 1839 798 1928 redintegrant
843 1843 1136 1930 pralium.
1225 1843 1462 1916 Quibus
1490 1844 1899 1931 pugnantibus
1956 1841 2213 1909 Pulcher
2266 1865 2395 1908 sese
2447 1842 2515 1908 in
2570 1863 2777 1908 omnes

439 1933 594 1992 artes
642 1931 838 2009 vertit,
885 1937 954 1995 ut
1003 1933 1194 2017 magis
1238 1930 1664 2010 laborantibus,
1723 1938 1784 1996 et
1840 1927 2313 2017 periclitantibus
2372 1951 2545 2016 opem
2601 1930 2771 1994 ferat.

497 2020 690 2080 terum
717 2015 806 2082 illi
833 2017 1026 2103 pauci,
1059 2018 1162 2104 qui
1189 2040 1326 2084 cum
1357 2041 1428 2084 eo
1455 2023 1819 2097 manserunt,
1850 2024 1912 2082 et
1961 2040 1997 2083 a
2039 2015 2217 2102 regiis
2268 2015 2485 2081 deserit
2510 2022 2572 2082 et
2600 2017 2637 2081 ὲ
2664 2015 2777 2081 Ca-

395 2099 633 2166 tholicis
683 2103 1067 2170 circumventi
1112 2105 1316 2171 multis
1365 2104 1708 2171 vulneribus
1759 2103 1953 2170 affecti
2004 2104 2226 2169 cadunt
2254 2110 2316 2168 et
2343 2102 2600 2168 Pulcher
2648 2103 2777 2188 ipse

397 2186 560 2252 solus
587 2188 828 2255 relictus
857 2212 1132 2277 pugnans
1159 2191 1495 2272 fortissime,
1527 2191 1879 2258 sternitum*
1936 2190 2021 2256 Et
2040 2213 2245 2255 omnes
2266 2189 2415 2275 regii
2432 2190 2617 2255 effusa
2632 2188 2779 2276 fuga

395 2273 648 2340 salutem
695 2276 948 2362 pedibus
998 2285 1326 2364 quaerentoe
1353 2301 1461 2366 per
1486 2278 1820 2366 planiciem,
1853 2280 1971 2364 qua
1997 2283 2298 2356 venerant,
2330 2283 2391 2340 et
2418 2276 2774 2355 arboretam,

392 2360 536 2426 inde
564 2361 964 2430 Ardmacham
989 2388 1177 2452 usque
1205 2365 1490 2452 dissipati,
1523 2373 1584 2431 et
1611 2365 1879 2452 palantes
1908 2364 2279 2464 occiduntur:
2326 2362 2405 2427 In
2426 2363 2778 2462 Afrdmachae

393 2447 1488 2626 {fssssssfffinloessrssiffpffigussffissfss
1512 2460 1686 2605 ⁹33¹
1685 2451 2022 2617 ‘ffihm'flt‘’
2020 2457 2486 2623 ’qffinffliess
2494 2449 2665 2601 1331*
2666 2455 2779 2600 2⁶33

386 2619 620 2706 Bagnal
648 2625 942 2688 exercitus
971 2625 1308 2711 imperator,
1338 2627 1670 2691 cohortium
1691 2624 1872 2691 duces
1890 2624 2103 2710 viginti
2131 2631 2272 2701 tres,
2290 2621 2467 2687 multi
2486 2623 2778 2709 optiones,

389 2707 676 2792 signiferi,
697 2715 758 2774 et
773 2711 1083 2775 tesserarii.
1127 2710 1316 2798 tha
1343 2719 1490 2776 sunt
1517 2713 1687 2797 signa
1702 2711 1981 2776 militaria
2008 2710 2257 2794 triginta
2285 2715 2559 2794 quatuor,
2584 2709 2784 2773 omnia

393 2792 671 2860 militaria
697 2802 994 2882 tympana,
1024 2803 1320 2863 tormenta
1366 2797 1596 2877 bellica,
1626 2819 1845 2882 magna
1872 2798 1960 2862 vis
1991 2817 2308 2872 armorum,
2340 2802 2402 2859 et
2428 2801 2594 2860 totus
2624 2816 2784 2858 com-

393 2887 642 2948 meatus.
747 2881 966 2970 Neque
1011 2883 1334 2950 victoribus
1379 2885 1620 2970 quidem
1663 2906 1871 2972 pugna
1914 2883 2031 2949 fuit
2080 2884 2410 2959 incruenta,
2470 2881 2583 2945 etsi
2627 2879 2787 2945 enim

395 2968 595 3032 minus
625 2968 866 3035 ducenti
894 2972 1136 3037 fuerunt
1165 2971 1498 3051 desiderati,
1518 2979 1718 3037 tamen
1738 2971 1877 3058 plus
1908 2969 2171 3036 sexcenti
2198 2968 2443 3032 fuerunt
2471 2967 2782 3032 vulnerati.

395 3053 476 3120 In
505 3055 859 3123 Ardmachae
886 3057 1126 3144 templa,
1159 3081 1294 3144 quse
1320 3060 1619 3146 regiorum
1707 3057 1939 3123 raesidio
1990 3054 2367 3134 tenebantur,
2398 3055 2502 3139 qui
2530 3077 2655 3119 sese
2683 3050 2787 3119 ab·

398 3141 694 3223 diderunt,
749 3145 786 3209 6.
829 3144 1156 3212 victoribus
1206 3145 1570 3212 obsidentur.
1661 3081 2033 3230 {deuteguus
2079 3165 2218 3208 eum
2276 3141 2545 3226 equitatu
2568 3229 2582 3241 .
2598 3147 2787 3206 noctu

397 3228 774 3294 tenebrarum
826 3232 1044 3297 auxilio
1093 3233 1272 3318 fugit.
1360 3233 1520 3298 Eum
1564 3233 1692 3298 sine
1721 3231 1947 3311 ordine,
1978 3237 2039 3297 et
2069 3229 2255 3296 effusa
2280 3229 2425 3314 fuga
2454 3227 2787 3312 fugientem

400 3336 475 3378 ex
503 3315 646 3380 O’N
648 3317 746 3382 elli
792 3319 998 3384 castris
1047 3326 1287 3385 secutus
1314 3321 1626 3385 Terentius
1676 3317 2081 3384 O’Hanlonus
2110 3337 2245 3382 cum
2291 3321 2459 3401 parte
2487 3315 2787 3400 equitatus

403 3400 843 3486 impedimenta,
874 3412 935 3469 et
985 3423 1170 3491 equos
1216 3407 1504 3472 ducentos
1551 3406 1729 3492 capit,
1782 3406 1963 3471 duces
1991 3411 2113 3469 tres
2143 3403 2465 3479 interficit3
2512 3400 2785 3466 Romlius

405 3487 586 3552 etiam
629 3491 689 3554 A
771 3489 868 3554 lus
916 3491 1041 3556 dux
1086 3513 1224 3558 cum
1275 3493 1372 3559 die
1400 3500 1683 3578 sequente
1705 3493 1879 3579 juxta
1905 3493 2039 3569 iter,
2069 3488 2298 3555 tabacci
2329 3486 2525 3552 herbae
2555 3488 2789 3552 fumum

405 3571 605 3639 fistula
649 3597 748 3640 sor
819 3583 928 3655 ret,
981 3576 1378 3664 deprehensns
1406 3579 1715 3644 occiditur.
1800 3577 2043 3642 Pedites
2071 3599 2143 3641 ex
2188 3580 2361 3662 pacto
2403 3572 2657 3638 inermes
2701 3572 2790 3637 di-

409 3657 750 3741 mittuntur,
783 3663 1136 3743 Ardmacha,
1169 3672 1230 3730 et
1255 3666 1567 3731 Portmore
1594 3664 1857 3730 O’Nello
1888 3663 2139 3727 traditis·
2153 3665 2180 3744 ΙΙ
2813 3684 2991 3752 [156.]

1425 4023 1606 4089 CAP.
1651 4021 1766 4086 VI.

945 4211 1313 4285 Lageniorum
1338 4217 1394 4264 et
1419 4209 1652 4264 aliorum
1677 4207 1814 4261 varii
1842 4223 1996 4259 casus
2021 4207 2287 4278 prosperi.

415 4397 634 4463 Hums
663 4409 884 4480 pugnae
911 4387 1299 4489 prosperitate
1327 4393 1387 4452 et
1416 4392 1752 4473 opportuno
1804 4382 2046 4447 Huonis
2076 4383 2373 4481 O'Morrae
2403 4382 2663 4481 adventu
2689 4381 2803 4446 La-

415 4484 578 4570 genii
604 4480 804 4568 plures
833 4497 1060 4543 ammos
1109 4473 1477 4540 sustulerunt
1526 4472 1601 4538 ad
1645 4493 1807 4536 arma
1834 4492 1942 4556 pro
1969 4469 2086 4533 fide
2114 4479 2175 4534 et
2202 4469 2473 4534 hbertate
2502 4469 2801 4556 capienda,

485 4642 509 4668 ·
546 4637 664 4692 For
687 4638 780 4692 the
805 4635 1058 4690 different
1081 4639 1340 4688 accounts
1365 4631 1430 4686 of
1447 4631 1555 4685 this
1579 4630 1770 4698 battle,
1796 4631 2061 4684 collected
2080 4630 2149 4702 by
2176 4629 2289 4685 ΜΓ.
2333 4631 2693 4698 O'Donovan,
2717 4653 2805 4690 see

419 4707 573 4762 Four
598 4709 858 4772 Masters,
879 4725 972 4779 pp.
1017 4709 1179 4768 2059,
1217 4706 1380 4764 2075.
1459 4703 1741 4768 Lombard,
1774 4706 1901 4755 403.
1979 4701 2036 4756 It
2058 4720 2167 4756 was
2192 4703 2388 4774 fought
2421 4722 2491 4760 on
2530 4705 2623 4760 the
2661 4707 2809 4760 river

423 4779 628 4846 Callen,
653 4779 823 4834 about
847 4786 956 4832 two
980 4777 1134 4832 miles
1156 4776 1464 4831 north-east
1489 4773 1554 4828 of
1571 4773 1839 4844 Armagh,
1866 4774 2087 4846 August
2116 4777 2199 4838 10,
2230 4779 2384 4830 1589.
