3634 5842
949 716 1076 780 294
1381 714 1795 782 o'sunnsvam
1815 764 1825 774 .
1844 733 2157 780 mammis
2201 731 2587 793 carnencas,
2628 733 2775 780 rou.
2808 733 2895 778 w.
3079 714 3249 799 [m.
3290 735 3337 780 1.

945 893 1160 960 nolunt
1187 893 1410 974 audire,
1441 917 1578 960 cum
1624 891 1857 959 Ibernis
1907 890 2369 979 praeoeptoribus
2494 892 2819 973 ciscuntur,
2850 898 2919 957 ut
2944 890 3033 957 illi
3078 889 3333 958 dimidia

943 981 1212 1047 mercede
1237 980 1513 1046 fruantur
1542 981 1839 1059 docentes,
1869 987 1931 1045 et
1958 977 2074 1045 alia
2100 978 2346 1045 dimidia
2372 979 2424 1044 si
2465 979 2488 1044 i
2516 978 2848 1045 ociantibus
2874 978 3179 1044 reddatur.

1027 1066 1129 1132 Ne
1157 1068 1402 1152 profana
1416 1067 1640 1155 templa
1658 1068 2051 1154 frequentare,
2070 1065 2383 1132 mortiferis
2403 1065 2809 1131 haereticarum
2832 1065 3329 1152 superstitionum

943 1152 1306 1218 solemnibus
1333 1155 1614 1221 interesse
1664 1159 1976 1240 cogantur,
2004 1152 2104 1218 alii
2131 1152 2435 1239 perpetuis
2484 1151 2723 1218 mulctis
2772 1151 2972 1238 affligi,
3001 1152 3103 1218 alii
3130 1160 3327 1218 morte

941 1239 1096 1305 affici
1123 1262 1186 1306 se
1213 1242 1437 1322 sinunt,
1467 1239 1568 1306 alii
1597 1243 1760 1306 certa
1813 1239 2082 1327 pecunias
2126 1242 2361 1305 summa
2406 1239 2753 1319 constituta,
2796 1261 2875 1304 ne
2920 1239 2997 1305 ad
3032 1239 3327 1305 nefandas

939 1329 1316 1393 coeremonias
1343 1334 1734 1407 accersantur,
1765 1326 2122 1412 transigunt.
2195 1326 2262 1391 N
2262 1348 2345 1391 ou
2372 1325 2607 1405 desunt,
2638 1326 2743 1412 qui
2771 1323 3325 1405 Ministroclericos,

939 1414 1053 1478 etsi
1095 1414 1247 1493 raro,
1277 1415 1568 1482 occidant.
1611 1413 1799 1480 Multi
1845 1414 1964 1478 illis
2021 1419 2247 1494 metum
2289 1413 2613 1491 incutiunt,
2656 1419 2729 1478 ut
2775 1435 2889 1480 nec
2934 1412 3051 1499 ipsi
3099 1433 3328 1480 munus

939 1499 1282 1566 haereticum
1331 1524 1615 1582 exercere,
1666 1524 1778 1568 nec
1828 1499 2164 1566 catholicos
2230 1499 2560 1564 sacerdotes
2610 1498 2823 1564 divinis
2866 1499 3074 1565 officiis
3119 1500 3327 1585 prohi-

937 1585 1076 1654 bere
1103 1587 1378 1654 audeant.
1466 1588 1809 1654 Ridiculum
1860 1594 1969 1667 est,
2022 1585 2182 1672 quod
2232 1586 2296 1651 in
2331 1585 2656 1652 humilibus
2684 1587 2853 1672 pagis
2880 1584 2956 1652 ab
2984 1587 3133 1672 ipsis
3164 1588 3329 1672 agri-

937 1673 1103 1754 colis,
1134 1681 1195 1740 et
1223 1675 1458 1740 rusticis
1486 1685 1829 1761 usurpatur,
1856 1671 2248 1740 invitantibus
2276 1673 2577 1738 ministros
2606 1671 2681 1738 ad
2695 1673 3064 1760 jentaculum
3084 1695 3326 1739 summo

936 1783 1112 1826 mane
1138 1761 1348 1827 diebus
1375 1761 1562 1842 festis,
1593 1770 1654 1828 et
1681 1764 1845 1843 vinc,
1874 1783 2028 1848 aqua
2055 1761 2213 1839 vitae,
2242 1759 2506 1838 cervisia,
2534 1757 2761 1825 tabacei
2802 1759 3002 1826 herbas
3028 1761 3221 1838 fumo,
3268 1767 3331 1826 et

935 1847 1180 1934 pulvere
1217 1847 1668 1929 inebriantibus,
1719 1849 2225 1932 sacrificantesque
2270 1846 2509 1912 Baccho
2538 1846 2836 1932 regiorum
2866 1867 3166 1913 sacrorum
3211 1848 3325 1912 im-

935 1957 1225 2001 memores
1253 1935 1657 2002 reddentibus.

1019 2021 1246 2088 Omnes
1303 2022 1594 2088 Catholici
1649 2019 1973 2088 reclamant
2020 2021 2264 2107 iujurias
2312 2021 2427 2086 toti
2476 2019 2647 2106 regui
2700 2019 2925 2100 inferri,
2983 2027 3325 2108 cunctaque

973 2115 1146 2173 raeter
1196 2131 1438 2188 morem,
1487 2109 1826 2194 exemplum
1896 2114 2077 2193 atque
2132 2107 2293 2192 leges
2354 2107 2470 2193 agi.
2582 2106 2923 2173 Sacerdotes
2978 2107 3325 2173 catholicos

975 2195 1199 2281 ospicio
1248 2197 1570 2282 excipiunt,
1621 2196 1684 2261 in
1731 2194 1979 2272 sedibus,
2028 2199 2089 2258 et
2135 2193 2291 2258 villis
2350 2193 2687 2260 occultant:
2750 2193 2825 2260 ab
2882 2193 3327 2279 inquirentibus

932 2281 1150 2367 Anglis
1179 2282 1524 2360 defendunt,
1555 2282 1776 2347 victum
1826 2281 1944 2345 illis
1972 2279 2133 2365 large
2162 2280 2563 2365 suppeditant,
2594 2302 2932 2366 quanquam
2960 2281 3321 2367 compellan-

934 2377 1035 2433 tur
1082 2368 1342 2435 ecclesiae
1403 2367 1715 2454 vectigalia
1763 2367 2049 2432 ministris
2107 2366 2397 2432 haereticis
2452 2368 2727 2454 pendere.
2832 2367 3091 2433 Eosdem
3148 2373 3321 2434 tanto

935 2454 1124 2535 cultu,
1153 2458 1322 2522 tanta
1347 2457 1742 2534 veneratione,
1773 2459 1835 2520 et
1863 2452 2233 2520 observantia
2257 2455 2325 2518 in
2352 2454 2463 2520 hac
2490 2477 2689 2520 rerum
2715 2455 2952 2520 miseria
2978 2454 3202 2534 colunt,
3250 2464 3327 2520 ut

935 2563 1047 2607 nec
1075 2551 1249 2608 antea
1274 2543 1342 2608 in
1369 2542 1628 2621 Ibernia,
1657 2565 1768 2608 nec
1797 2539 1939 2607 alibi
1967 2541 2235 2627 gentium
2264 2548 2401 2626 post
2428 2541 2739 2607 hominum
2768 2542 3109 2607 memoriam
3136 2543 3325 2607 fuiaee

938 2635 1142 2694 tantus
1191 2629 1596 2696 ecclesiasticis
1625 2653 1660 2694 a
1705 2628 1871 2695 laicis
1920 2627 2111 2694 honor
2159 2627 2461 2693 exhibitus
2508 2628 2803 2694 audiatur.
2890 2628 3012 2694 Seu
3054 2630 3319 2714 praemia,

941 2717 1326 2802 quantumuis
1351 2739 1585 2803 magna,
1617 2723 1678 2782 et
1722 2715 1979 2802 pretiosa
2024 2713 2142 2780 illis
2185 2736 2515 2802 proponas,
2560 2737 2666 2780 seu
2708 2715 3215 2801 exquisitissimos,
3258 2724 3323 2781 et

940 2803 1430 2870 horrendissimos
1477 2805 1775 2870 cruciatus
1824 2803 2153 2882 admoveas,
2198 2822 2507 2888 nunquam
2552 2808 2753 2868 tamen
2796 2801 3157 2868 sacerdotem
3184 2825 3321 2888 pro-

945 2890 1109 2957 dent.
1194 2892 1412 2977 Neque
1439 2891 1633 2957 officio
1663 2911 1776 2955 suo
1805 2913 1870 2955 se
1898 2889 2231 2955 satisfacere
2258 2889 2527 2968 credunt,
2556 2889 2672 2953 nisi
2713 2888 2950 2974 quando
2979 2911 3129 2975 opus
3159 2889 3321 2954 vide—

941 2984 1063 3057 tur,
1091 3001 1200 3064 pro
1229 2978 1548 3044 sacerdotis
1571 2977 1979 3043 incolumitate
1991 2976 2210 3041 faciant
2230 2975 2522 3041 bonorum
2549 2976 2855 3055 facturam,
2878 2981 2941 3040 et
2966 2977 3321 3061 sanguinem

943 3065 1267 3144 effundant,
1307 3072 1369 3130 et
1395 3065 1652 3130 animam
1696 3064 1992 3129 amittant.
2081 3061 2221 3134 Quo
2250 3062 2517 3142 efficitur,
2557 3068 2627 3126 ut
2656 3064 2959 3148 pauciores
2986 3062 3321 3128 sacerdotes

985 3172 1052 3215 ro
1078 3151 1195 3216 fide
1222 3153 1532 3217 intereant.
1618 3149 1782 3215 Nam
1809 3171 1948 3214 cum
1974 3149 2121 3235 regii
2158 3149 2413 3215 ministri
2438 3149 2747 3234 sacrilegas
2776 3171 2989 3214 manus
3015 3149 3083 3214 in
3122 3171 3319 3214 sacer·

942 3173 1143 3302 sotem
1169 3237 1467 3324 injiciunt,
1493 3235 1666 3302 illum
1706 3235 2000 3301 Catholici
2025 3238 2204 3314 vana,
2254 3247 2317 3301 et
2363 3236 2678 3322 multiplici
2726 3245 2853 3301 arte
2892 3235 2958 3301 in
2983 3235 3319 3302 libertatem

941 3329 1230 3388 asserunt.
1311 3322 1418 3389 Ob
1476 3344 1622 3408 quas
1680 3345 1887 3388 causas
1927 3324 2329 3408 magistratus,
2357 3322 2643 3402 civitates,
2701 3321 2949 3402 nobiles,
3002 3329 3064 3388 et
3118 3321 3319 3409 plebei

939 3409 1357 3491 coertionibus,
1387 3417 1449 3476 et
1475 3409 1661 3495 paenis
1689 3409 2051 3495 gravissimis
2066 3410 2420 3489 afficiuntur,
2443 3408 2736 3496 multique
2762 3432 2994 3475 summo
3022 3410 3318 3496 supplicio

936 3498 1290 3649 puniuntur,
1338 3497 1606 3584 quamvis
1653 3497 1768 3563 alio
1814 3496 2059 3562 crimine
2100 3497 2537 3562 insimulantur.
2648 3495 2911 3562 Celebris
2958 3504 3053 3562 est
3077 3497 3316 3562 Pati-itii

991 3585 1195 3650 urcelli
1223 3585 1438 3672 equitis
1465 3585 1630 3650 senio
1659 3582 1912 3670 conjecti
1964 3582 2216 3662 laniena,
2249 3585 2351 3669 qui
2378 3583 2807 3670 octogesimum
2834 3584 3066 3649 circiter
3090 3605 3315 3649 annum

937 3693 1118 3759 agens
1146 3670 1262 3738 hoc
1289 3672 1533 3737 crimine
1559 3670 1912 3756 postulatus,
1944 3670 2105 3770 quod
2149 3669 2510 3736 Elizabethae
2554 3681 2817 3757 tempore
2844 3693 3024 3755 eques
3050 3670 3315 3736 Catholi-

937 3779 1063 3838 cus,
1092 3759 1196 3844 qui
1223 3783 1260 3824 a
1287 3757 1725 3824 Catholicorum
1753 3763 1920 3844 parte
1967 3779 2035 3822 m
2078 3756 2234 3823 bello
2282 3755 2497 3837 stabat,
2524 3756 2591 3824 in
2618 3759 2747 3844 ejus
2775 3757 2955 3823 domo
2982 3759 3310 3836 coenaverit,

937 3845 1404 3932 semisuspensus
1431 3852 1680 3924 secatur,
1709 3845 1955 3944 ejusque
1982 3851 2117 3910 exta
2144 3844 2575 3910 comburuntur
2600 3843 2831 3910 Fiardae
2880 3867 3037 3910 auno
3067 3844 3313 3910 Domini

944 3933 1133 3998 1612.
1228 3931 1377 3997 Erat
1486 3931 1591 4018 uip
1731 3931 1985 4017 insignis
2035 3931 2407 3997 sacerdotum
2492 3939 2755 4011 ati-onus,
2800 3932 3313 4016 possessionesque

939 4017 1182 4084 minime
1209 3955 1566 4104 spernentdas
1593 3953 1869 4083 ffibebat.
1956 4016 2163 4084 Iberni
2187 4018 2254 4083 in
2282 4018 2464 4104 aliqui
2504 4039 2579 4083 us
2598 4018 2877 4098 ecclesiis,
2908 4039 3055 4105 quas
3085 4018 3181 4084 vel
3198 4019 3311 4116 ipsi

939 4103 1014 4170 ab
1059 4104 1394 4190 Anglorum
1441 4105 1670 4190 impetn
1719 4103 2129 4184 defenderunt,
2174 4104 2271 4171 vel
2316 4105 2577 4171 haeretici
2620 4105 2697 4170 ad
2742 4127 2880 4170 suas
2936 4127 3315 4172 caeremomas

936 4191 1311 4258 celebrandas
1337 4190 1686 4257 resedificare
1710 4189 1997 4270 facerunt,
2018 4192 2349 4262 sacerdotes
2377 4197 2556 4277 atque
2582 4191 2887 4277 religiosos
2916 4193 3317 4270 constituunt,-

937 4279 1052 4344 etsi
1097 4279 1172 4345 de
1219 4279 1330 4344 hac
1379 4301 1444 4344 re
1489 4285 1582 4344 est
1630 4279 1911 4344 acerrima
1954 4278 2278 4344 contentio.
2362 4277 2459 4344 Ob
2490 4299 2669 4364 quam
2698 4277 3140 4344 Catholicorum
3178 4301 3311 4365 per-

729 4391 912 4463 22⁸
973 4387 1174 4518 εει
1209 4365 1821 4540 ..ww
1833 4365 2639 4538 ...mas
2672 4365 3309 4532 ww

932 4540 1130 4606 omnia
1157 4540 1412 4606 maxima
1436 4538 1899 4627 perturbatione,
1928 4544 1989 4603 et
2044 4540 2287 4625 ingente
2324 4539 2669 4605 confusione
2696 4540 2927 4606 misceri
2954 4537 3309 4606 conantibus

931 4627 1148 4712 Anglis
1177 4627 1378 4692 divina
1405 4635 1465 4692 et
1506 4627 1765 4693 humana
1806 4627 1943 4713 jura
1987 4625 2223 4697 violare,
2256 4626 2488 4692 Ibernis
2538 4649 2676 4693 vero
2704 4625 2915 4692 Fidem
2942 4625 3307 4694 Catholieam

931 4712 1390 4801 religionemque
1419 4736 1776 4780 conservare.
