3634 5842
31 1749 33 1784 ,-
31 1709 34 1744 -.
31 953 39 1668 ή.-“----Ἶ-----
31 279 45 946 *rw-m
30 0 49 273 ¹:11-—

952 704 1075 766 308
1376 702 1791 768 o’sunnnvfflr
1823 720 2136 766 msa-omae
2168 719 2552 779 cunonem,
2581 717 2852 764 ’.πωπω
3033 699 3190 782 [ua.
3233 719 3316 765 11.

1969 1076 2148 1142 OAP.
2195 1076 2287 1143 II.

1164 1285 1423 1358 Legitimi
1452 1284 1870 1340 Parlamentarii
1895 1283 2242 1354 rejiciuntur,
2267 1292 2323 1339 et
2347 1284 2619 1356 illegitimi
2645 1285 3082 1340 conscribuntur.

948 1485 1333 1550 Pnasuasuu
1362 1477 1476 1545 sibi
1502 1477 1799 1544 habebant
1827 1477 2031 1564 Angli,
2059 1479 2125 1543 in
2153 1477 2394 1544 Ibernia
2419 1501 2532 1544 nec
2573 1479 2959 1559 commodius,
2989 1502 3099 1546 nec
3129 1481 3320 1546 effica-

950 1571 1079 1636 cius
1123 1569 1306 1634 fuisse
1348 1566 1527 1632 fidem
1570 1565 1934 1631 Oatholicam
1983 1567 2136 1631 extir
2175 1566 2406 1645 andam,
2458 1588 2596 1631 suas
2626 1577 2811 1632 sectas
2840 1566 3322 1646 corroborandae,

945 1657 1167 1723 incolas
1196 1679 1233 1720 a
1260 1653 1511 1720 Romani
1556 1652 1882 1730 Pontificis,
1931 1657 1994 1718 et
2042 1673 2142 1718 ecc
2165 1653 2300 1718 oeiae
2339 1651 2656 1719 Catholicae
2707 1653 2912 1733 ductu,
2960 1661 3022 1720 et
3067 1655 3318 1740 imperio

950 1741 1381 1819 subducendoS,
1412 1739 1642 1824 sibique
1670 1739 1912 1804 omnino
1940 1739 2356 1818 conciliandos,
2377 1758 2555 1825 quam
2583 1740 2635 1804 si
2661 1741 3002 1805 universum
3031 1741 3321 1827 populum

952 1830 1293 1916 subigerent
1346 1825 1577 1914 legibus
1634 1827 1776 1904 suis,
1837 1847 1984 1911 quas
2041 1833 2247 1892 contra
2301 1825 2600 1892 Christum
2649 1829 2713 1891 in
2763 1827 2985 1911 Anglia
3033 1827 3324 1893 tulerunt.
3457 1841 3462 1844 '

950 1918 1159 1983 Fidem
1186 1915 1345 1994 verb,
1375 1915 1840 1999 constantiamqe
1857 1911 2208 1979 Ibernorum
2238 1935 2376 1998 erga
2403 1912 2764 1978 Catholicam
2781 1913 3121 2000 religionem
3145 1915 3326 2001 longa

950 2003 1397 2081 consuetudine,
1444 1999 1942 2086 apertissimisque
1991 2000 2358 2066 documentis
2408 2001 2651 2088 experti,
2682 1999 2924 2066 minime
2972 2001 3325 2087 ignorabant

951 2092 1026 2156 ab
1054 2089 1171 2155 illis
1196 2090 1377 2154 fuisse
1406 2088 1644 2174 priscae,
1674 2093 1852 2172 atque
1880 2085 2241 2152 Christianae
2284 2086 2447 2172 leges
2487 2086 2842 2166 retinendas,
2871 2111 3073 2167 novas,
3118 2097 3180 2153 et
3204 2088 3324 2153 hae-

950 2178 1159 2243 reticas
1186 2173 1565 2260 respuendae,
1600 2173 1671 2251 si,
1701 2180 1762 2237 et
1788 2195 2034 2238 numero
2061 2195 2186 2238 non
2213 2173 2515 2238 inferiores
2556 2173 2846 2238 haereticis
2872 2175 2936 2239 in
2966 2176 3325 2260 par-lamento

953 2268 1385 2338 concurrerent,
1414 2268 1476 2325 et
1502 2264 1744 2344 possent
1768 2258 1950 2324 libere
1977 2260 2330 2325 sententiam
2359 2260 2568 2325 dicere.
2671 2259 3069 2332 Quamobrem
3099 2262 3328 2328 cunctis

954 2349 1179 2415 viribus
1208 2347 1595 2424 contendunt,
1622 2352 1696 2408 ut
1720 2352 2042 2431 utrumque
2089 2346 2430 2431 impediant,
2462 2370 2538 2412 ne
2565 2346 2856 2414 Catholici
2883 2371 3128 2414 numero
3157 2371 3325 2436 pares

956 2439 1097 2515 sint,
1126 2457 1245 2500 neu
1271 2432 1442 2513 bene,
1466 2431 1745 2520 justeque
1761 2434 1980 2498 sentire
2007 2433 2284 2499 audeant.
2369 2434 2585 2519 Itaque
2606 2457 2816 2520 prorex
2843 2436 3074 2521 Anglos
3103 2442 3325 2521 protes-

956 2530 1151 2590 tantes
1197 2523 1464 2587 locorum
1554 2519 1820 2586 rsefectos
1862 2519 2054 2606 jubet,
2081 2527 2154 2586 ut
2181 2519 2436 2586 efficiant
2463 2520 2538 2586 ad
2565 2521 2996 2607 parlamentum
3023 2523 3162 2609 eligi
3190 2544 3324 2608 pro-

959 2617 1257 2676 curatores
1283 2609 1349 2673 in
1368 2607 1530 2674 tribu
1572 2629 1663 2687 us,
1693 2614 1754 2672 et
1781 2605 2049 2685 urbibus,
2068 2608 2132 2672 in
2161 2607 2379 2693 quibus
2407 2607 2610 2694 Angli,
2630 2617 2691 2673 et
2719 2609 2901 2689 Scoti,
2931 2617 2992 2674 et
3011 2632 3086 2674 ex
3113 2607 3328 2694 Anglis

960 2697 1196 2763 oriundi
1252 2697 1656 2760 Protestantes
1710 2693 2072 2760 domicilium
2122 2693 2338 2780 jusque
2395 2695 2650 2761 civitatis
2706 2696 2944 2762 habeut.
3060 2697 3330 2762 Praefecti

955 2785 1136 2871 jussis
1180 2783 1467 2870 protegis.
1488 2781 1848 2860 obedientes,
1902 2782 1954 2846 si
2001 2782 2067 2846 in
2107 2780 2275 2862 urbe,
2317 2781 2549 2847 tribuve
2577 2805 2733 2848 unus
2763 2783 3052 2848 duntaxat
3075 2783 3330 2869 Anglus,

961 2871 1057 2936 vel
1084 2871 1391 2935 haereticus
1430 2870 1565 2956 jure
1608 2868 1954 2955 municipali
1992 2868 2228 2948 fruitur,
2259 2875 2330 2933 ut
2355 2869 2406 2933 is
2434 2877 2776 2955 procurator
2803 2872 3158 2948 nominetur,
3188 2871 3333 2936 totis

964 2957 1187 3023 viribus
1216 2962 1523 3035 conantur,
1554 2955 1834 3022 electores
1861 2977 2022 3021 nunc
2070 2956 2248 3020 minis
2275 2959 2561 3042 paenaque
2587 2956 2880 3038 terrendo,
2909 2979 3070 3022 nunc
3098 2979 3334 3042 persua-

964 3043 1231 3110 sionibus
1262 3042 1626 3128 decipiendo,
1654 3042 1954 3108 interdum
1984 3042 2155 3108 donis
2183 3065 2262 3129 op
2303 3043 2604 3128 ugnando,
2633 3051 2694 3108 et
2723 3066 2844 3108 non
2883 3064 3193 3129 nunquam
3221 3043 3334 3109 Ga-

962 3129 1168 3195 tholici
1196 3152 1413 3194 nomen
1440 3151 1515 3194 ex
1550 3135 1998 3214 procuratorum
2025 3128 2160 3194 albo
2190 3129 2264 3194 de
2285 3128 2456 3208 endo,
2486 3129 2760 3194 haeretico
2785 3131 3089 3218 inscript0.
3175 3131 3334 3196 Prae-

962 3217 1125 3281 terea
1153 3216 1326 3280 multi
1354 3222 1680 3280 conventus
1708 3216 1960 3301 antiqui,
1991 3238 2242 3301 quorum
2289 3216 2476 3301 pietas
2505 3238 2644 3302 erga
2670 3216 2889 3297 Deum,
2919 3227 2981 3282 et
3007 3219 3338 3284 constantia

965 3309 1090 3367 erat
1133 3302 1455 3382 notissima,
1500 3302 1912 3388 suffragiorum
1953 3303 2088 3387 jure
2137 3309 2454 3368 exuuntur.
2541 3302 2950 3370 Nihilominus
2992 3305 3198 3370 Iberni
3225 3305 3338 3371 ele·

968 3396 1184 3475 gerunt
1208 3389 1439 3474 ‘aliquot
1463 3395 1870 3474 procuratores
1897 3389 2054 3454 viros
2083 3387 2440 3474 splendidos,
2463 3395 2524 3455 et
2539 3390 2866 3476 primorum
2883 3391 3054 3471 filios,
3087 3414 3341 3477 quorum

968 3476 1194 3555 virtuti,
1242 3485 1305 3540 et
1352 3475 1621 3562 religioni
1850 3473 2025 3562 opere
2073 3475 2466 3542 confidebant.
2579 3476 2748 3547 Quos
2795 3479 2861 3544 in
2908 3479 3340 3563 parlamentum

968 3563 1420 3649 proficiscentes,
1468 3560 1695 3627 nobiles
1740 3498 1952 3648 piebei,
1998 3569 2302 3642 matronae,
2352 3563 2582 3650 pucllae,
2607 3565 2795 3649 pueri,
2840 3564 3122 3650 decrepiti
3150 3571 3338 3643 orant,

971 3657 1033 3714 et
1060 3649 1449 3728 obtestantur,
1476 3657 1549 3714 ut
1576 3655 1840 3714 sanctam
1887 3649 1928 3714 J
1931 3671 2035 3714 esu
2081 3649 2425 3735 religionem
2453 3651 2492 3714 a
2517 3650 2836 3737 majoribus
2865 3673 3092 3736 semper
3120 3651 3340 3717 cultam

974 3736 1310 3816 defendant,
1340 3737 1393 3802 si
1420 3737 1640 3802 faciant
1666 3735 1847 3816 aliud,
1875 3736 1940 3802 id
1965 3736 2194 3802 irritum
2228 3759 2290 3801 se
2318 3736 2624 3802 habituros
2641 3737 3002 3823 pollicentes.
3049 3737 3340 3809 Quocirca

974 3826 1312 3910 excogitant
1338 3822 1522 3908 Angli
1550 3821 1725 3888 aliam
1751 3829 1956 3889 artem.
2041 3822 2374 3909 Anglorum
2403 3829 2580 3908 atque
2609 3824 2922 3890 Scotorum
2949 3824 3228 3904 colonias,
3267 3825 3340 3889 de

976 3911 1191 3997 quibus
1220 3911 1488 3996 superius
1533 3911 1782 3995 egimus,
1825 3911 2066 3976 nomine
2105 3910 2362 3976 civitatis
2388 3917 2621 3990 ornant,
2649 3919 2712 3975 et
2739 3912 2912 3976 suffra
2961 3912 3150 3977 'orum
3187 3913 3337 3998 jure,

974 4005 1035 4062 et
1102 3996 1231 4062 aliis
1279 3995 1750 4062 immunitatibus
1798 3997 2042 4076 donant,
2117 3997 2336 4082 legum,
2387 4003 2566 4082 atque
2621 4008 2912 4063 consuetu
2953 3999 3068 4064 inis
3125 4005 3339 4064 metam

972 4085 1311 4170 trangressi,
1340 4091 1408 4147 ut
1437 4083 1685 4169 singulae
1728 4083 1974 4150 coloniae
2017 4090 2420 4170 procuratores
2469 4084 2621 4149 duos
2648 4085 2722 4149 ad
2751 4085 3178 4170 parlamentum
3205 4087 3340 4150 mit-

974 4179 1125 4238 tant.
1214 4169 1651 4254 Conferensque
1697 4192 1910 4254 pror-ex
1948 4170 2386 4237 catholicorum
2425 4171 3005 4256 parlamentariorum
3032 4194 3342 4238 numerum

978 4280 1117 4323 cum
1165 4257 1470 4336 haereticis,
1521 4257 1749 4341 quoties
1794 4257 1931 4323 illos
1979 4257 2178 4344 plures
2220 4279 2345 4322 esse
2372 4259 2607 4344 reperit,
2635 4259 2810 4323 toties
2837 4281 2972 4324 cum
3003 4259 3348 4326 consiliariis

978 4344 1195 4431 Anglis
1222 4343 1449 4409 occulta
1477 4343 1836 4429 parlamenta
1883 4343 2156 4423 celebrat,
2207 4345 2272 4409 in
2318 4343 2536 4430 quibus
2561 4365 2745 4410 novas
2771 4345 3179 4411 haereticorum
3205 4347 3348 4412 civi-

980 4441 1151 4512 tates,
1202 4439 1379 4517 atque
1427 4429 1785 4516 respublicas
1829 4432 2000 4498 novis
2051 4431 2317 4510 decretis,
2349 4439 2409 4497 et
2457 4430 2878 4518 diplomatibus
2919 4433 3249 4514 constituit,
3279 4439 3352 4498 ut

980 4519 1097 4583 illae
1126 4519 1601 4604 parlamentarios
1630 4517 1934 4584 hoereticos
1983 4517 2383 4605 suppeditent.
2467 4518 2738 4604 Cumque
2763 4520 3082 4604 requireret
3112 4520 3353 4606 oppida,

980 4614 1042 4670 et
1071 4628 1272 4691 pagos,
1305 4605 1856 4692 quibus-civitatum
1886 4605 2047 4691 leges
2068 4605 2430 4682 concederet,
2449 4605 2578 4670 illas
2595 4629 2628 4670 a
2671 4605 2749 4673 ris
2777 4607 3076 4692 vastisque
3105 4608 3354 4694 campis,

979 4693 1187 4756 erectis
1242 4693 1453 4772 tribue,
1484 4693 1838 4778 quattuorve
1885 4693 2160 4779 tuguriis,
2203 4693 2554 4778 impertitur.
2679 4714 2720 4755 n
2748 4691 2842 4756 his
2870 4713 3072 4758 rursus
3102 4693 3356 4759 desertis

979 4776 1225 4844 urbibus
1276 4781 1430 4844 cives
1478 4779 1783 4846 haereticos
1835 4780 2187 4860 desiderans,
2235 4779 2388 4844 cives
2437 4777 2553 4843 illis
2597 4784 2754 4843 creat
2797 4779 3028 4864 Anglos
3057 4785 3356 4860 tonsores,
