3634 5842
378 760 513 807 cae.
561 746 640 831 1.]
1027 772 1374 818 ninum-103
1417 773 1806 820 ‘rismumms
1850 775 2093 821 sumu.
2680 764 2761 827 73

370 916 478 1001 qui
496 918 614 984 fuit
629 928 864 989 creatus
890 922 1210 1013 imperator
1236 947 1398 993 anno
1425 927 1544 994 OC.
1573 927 1943 993 LXXXVI⁰
1973 934 2036 995 et
2064 928 2413 995 Maximiani
2434 932 2761 1016 tyrannide,

369 1024 660 1073 concussa
685 1010 945 1094 primum
973 1034 1010 1077 a
1037 1011 1276 1079 Christo
1305 1014 1458 1081 duce
1483 1014 1750 1081 descivit.

455 1088 600 1191 Qus.
625 1099 1036 1181 persecutione
1086 1110 1351 1167 cessante
1399 1102 1596 1169 insula
1625 1102 1923 1169 Servatori
1974 1102 2289 1170 conciliata
2328 1112 2528 1171 tamen
2556 1128 2761 1172 rursus

367 1179 610 1247 Ananae
637 1186 892 1251 vesaniae
921 1186 1196 1253 sordibus
1223 1188 1504 1254 inficitur.

451 1264 656 1334 Tertio
683 1270 912 1359 Pelagii
941 1274 1034 1338 sui
1063 1273 1358 1341 erroribus
1385 1276 1750 1362 inquinatur.

454 1353 556 1420 Ab
583 1356 697 1422 hac
723 1364 922 1425 autem
954 1359 1248 1427 dementia
1275 1362 1580 1449 redempta
1605 1384 1710 1449 per
1750 1361 2136 1443 Germanum,
2167 1370 2229 1427 et
2255 1361 2518 1448 Lupum,
2550 1365 2756 1432 Gallos

360 1442 1484 1603 szffiflsffiffifflffi
1501 1449 2358 1623 ffisszfffflssussiffl}
2376 1453 2757 1624 {3333AEss

359 1614 672 1698 fundente,
696 1628 906 1705 quarto
933 1621 1204 1687 faedatur.

451 1702 680 1770 Iterum
708 1707 970 1807 ejusdem
1003 1707 1304 1787 Germani,
1354 1708 1671 1795 Severique
1721 1708 2042 1796 praesulum
2090 1709 2271 1795 opera
2316 1710 2380 1775 in
2432 1708 2752 1795 pristinum

361 1795 586 1856 statum
632 1793 965 1860 christianae
1009 1796 1147 1861 fidei
1195 1797 1487 1875 restituta,
1539 1794 1812 1861 civilibus
1860 1793 2323 1862 dissensionibus
2381 1798 2543 1861 omni
2600 1798 2751 1885 pene

357 1876 663 1963 religionis
687 1880 822 1947 luce
852 1881 1063 1967 quinto
1093 1882 1455 1948 destituitur.

447 1964 566 2030 Sed
595 1989 632 2031 a
659 1967 950 2054 Gregorio
985 1990 1210 2055 magno
1233 1971 1390 2056 papa.
1437 1967 1957 2035 concionatoribus
1998 1967 2213 2048 missis,
2245 1968 2383 2033 cum
2412 1969 2607 2036 insula
2636 1994 2745 2037 cee-

359 2072 462 2115 cos
491 2074 632 2117 suos
659 2076 883 2121 errores
912 2055 1298 2141 deposuisset,
1331 2064 1469 2143 post
1495 2062 1696 2122 tamen
1723 2056 1957 2121 obitum
2007 2053 2356 2121 Edelberthi
2384 2058 2540 2141 regis
2590 2057 2745 2124 Can-

356 2139 684 2205 tuariorum
737 2164 811 2207 ex
859 2142 1198 2230 Anglorum
1248 2150 1426 2229 gente
1475 2143 1680 2223 Tertii,
1728 2149 1790 2209 et
1842 2141 2119 2209 Saberthi
2162 2143 2321 2229 regis
2370 2144 2747 2211 orientalium

357 2224 680 2307 Saxonum,
717 2228 950 2317 (populi
979 2236 1122 2295 sunt
1149 2230 1216 2295 in
1261 2229 1508 2319 Anglia)
1542 2253 1748 2297 eorum
1799 2251 2165 2296 successores
2207 2252 2343 2295 cum
2376 2231 2499 2295 suis
2527 2238 2589 2297 et
2617 2232 2745 2297 aliis

353 2319 522 2378 sexto
552 2312 888 2381 deficientes
929 2316 1092 2383 idola
1141 2317 1331 2383 colere
1381 2323 1708 2405 coeperunt,
1757 2317 2015 2397 Mellito,
2046 2316 2089 2381 J
2088 2323 2345 2402 ustoque
2392 2317 2744 2385 Christianae

351 2399 619 2466 veritatis
647 2403 1035 2469 assertoribus
1059 2405 1126 2469 in
1157 2403 1414 2471 Galliam
1440 2405 1736 2492 relegatis.

436 2486 675 2552 Deinde
723 2488 862 2554 oiim
911 2488 1207 2556 Bonifacii
1256 2498 1316 2557 et
1345 2490 1604 2557 Honor-ii
1651 2490 2013 2557 Pontificum
2059 2492 2448 2556 maximorum
2477 2498 2743 2579 tempore

345 2570 530 2645 fidem
561 2572 692 2639 rece
733 2575 938 2654 issent,
970 2576 1256 2643 Osrichus
1285 2585 1346 2642 et
1370 2577 1695 2643 Lanfridus
1721 2600 1913 2662 reges,
1942 2575 2163 2641 Edvini
2190 2578 2347 2663 regis
2378 2600 2741 2645 successores

343 2680 558 2723 rursus
584 2682 706 2745 neg
728 2660 874 2726 ectis
901 2660 1124 2729 Christi
1175 2664 1584 2743 Sacramentis,
1633 2664 1930 2729 idolorum
1981 2662 2171 2728 cultui
2220 2686 2347 2728 sese
2388 2664 2741 2749 polluendos

343 2744 604 2830 septimo
635 2745 1066 2814 devoverunt*

433 2832 594 2898 Deni
639 2856 716 2899 ue
749 2835 1029 2901 universa
1055 2836 1178 2901 fere
1225 2834 1423 2900 insula
1473 2838 1756 2901 conversa
1783 2856 1891 2921 per
1917 2834 2189 2913 Ibernos,
2234 2834 2535 2899 Aidanum
2563 2836 2738 2925 Epis-

344 2852 926 3005 copum,‘i⁴²ursoeum
954 2929 1016 2988 et
1043 2923 1189 2995 alios
1239 2921 1704 3009 quamplurimos
1747 2920 2083 2987 Christiana
2124 2922 2239 2986 fuit
2270 2944 2426 2986 anno
2455 2931 2592 3009 post
2621 2924 2737 2990 Re-

345 3006 674 3093 demptoris
705 3016 982 3075 exortum
1009 3008 1386 3089 DOOXXP,
1409 3031 1529 3094 quo
1547 3006 1713 3075 Beda
1729 3010 1990 3075 historiae
2012 3029 2138 3073 suoe
2166 3012 2459 3073 summam
2488 3032 2733 3077 manum

341 3094 648 3179 imposuit,
693 3094 860 3162 Hinc
910 3094 1467 3182 quomodocumque
1517 3118 1611 3161 res
1655 3095 1897 3184 Angliae
1944 3094 2172 3161 fuerint
2256 3116 2321 3161 er
2364 3118 2552 3161 annos
2598 3098 2735 3185 plus

344 3180 829 3269 quadringentos,
855 3180 1010 3249 illud
1037 3185 1103 3249 in
1132 3182 1274 3249 orbe
1301 3182 1641 3249 Christiano
1665 3182 1785 3249 fuit
1809 3181 1985 3247 valde
2014 3202 2217 3247 execra
2257 3182 2336 3247 ile
2377 3185 2732 3271 exemplum,

343 3268 505 3353 quod
551 3270 807 3336 Sanctus
853 3271 944 3336 vir
971 3270 1231 3337 Thomas
1277 3270 1778 3357 Archiepiscopus
1828 3268 2181 3348 Cantuariae,
2212 3269 2443 3337 Primae
2496 3272 2733 3357 Anglioe

339 3354 522 3420 fuerit
550 3380 586 3421 a
613 3356 968 3425 satellitibus
995 3358 1152 3444 regis
1182 3356 1434 3423 Henrici
1458 3357 1640 3445 impie
1668 3358 1825 3423 ferro
1854 3356 2183 3423 confossus.

429 3442 547 3507 Sed
576 3444 962 3510 execrabilius
991 3454 1052 3511 et
1079 3443 1495 3530 inexpiabilius
1541 3452 1653 3523 est,
1686 3443 1848 3530 quod
1878 3443 2180 3511 Heuricus
2210 3442 2399 3509 VIII.
2430 3466 2534 3509 rex
2564 3468 2627 3510 se
2656 3445 2729 3511 ab

337 3526 622 3595 Ecclesiae
667 3531 991 3597 Catholicae
1020 3530 1226 3611 ductu,
1274 3540 1338 3596 et
1383 3530 1721 3597 obedientia
1765 3529 2136 3609 subduxerit,
2170 3552 2328 3595 anno
2368 3540 2594 3597 nostrae
2626 3532 2729 3597 Sa-

335 3614 501 3697 lutis,
533 3616 984 3684 MDXXXII.⁰
1014 3626 1075 3683 et
1104 3640 1262 3684 anno
1291 3616 1740 3683 ΜΒΧΧΧΠῙο
1771 3624 1953 3703 caput
1982 3617 2243 3683 ecclesiae
2271 3617 2335 3681 in
2366 3616 2591 3681 ditione
2621 3620 2731 3683 sua

332 3705 672 3770 renunciari
720 3712 782 3770 et
825 3704 942 3769 coli
979 3705 1245 3791 jusserit.
1329 3704 1700 3793 Episcopum
1745 3704 2127 3781 Rossensem,
2164 3700 2458 3767 'rhomam
2488 3702 2729 3769 Morum

333 3788 760 3859 carthusianos
809 3786 1162 3877 Religiosos,
1214 3792 1358 3857 alios
1388 3791 1833 3869 ecclesiasticos,
1885 3798 1946 3855 et
1996 3789 2303 3855 saeculares
2355 3788 2495 3855 huic
2542 3791 2727 3856 furori

333 3876 704 3944 subscribere
731 3890 1048 3943 renuentes
1077 3877 1396 3944 crudeliter
1414 3876 1735 3943 occiderit:
1779 3882 1965 3941 totam
1991 3874 2419 3962 propemodum
2447 3877 2729 3963 Angliam

331 3964 398 4029 in
461 3986 629 4030 suam
690 3965 1050 4031 dementiam
1126 3986 1256 4030 com
1299 3964 1512 4029 ulerit:
1605 3962 1979 4049 Religionem
2036 3962 2401 4029 Catholicam
2458 3964 2731 4030 funditus

329 4054 630 4131 everterit,
663 4052 892 4140 superis
921 4051 1146 4117 bellum
1173 4052 1238 4116 in
1281 4051 1491 4116 ixerit:
1533 4050 1871 4150 inexpiatus
1901 4073 1934 4114 e
1960 4050 2086 4116 vita
2138 4049 2345 4114 misere
2375 4049 2725 4117 discesserit.

416 4138 554 4205 Nec
602 4142 801 4205 minus
851 4138 1105 4221 sceleris,
1157 4142 1250 4203 est
1298 4138 1460 4224 quod
1508 4138 1732 4239 Angha
1779 4136 1854 4203 ab
1894 4136 2009 4203 hac
2034 4136 2347 4225 tyrannide
2396 4138 2633 4203 haeresis
2662 4139 2727 4204 in

325 4226 470 4292 fidei
500 4228 693 4293 Catho
705 4226 839 4292 licoe
887 4224 1224 4293 libertatem
1268 4246 1304 4290 o
1347 4226 1466 4303 era,
1497 4231 1558 4290 et
1583 4232 1829 4305 virtute,
1838 4226 1867 4308 ΙΙ
1915 4224 2129 4291 Mariae
2155 4226 2377 4311 reginae
2406 4226 2719 4305 vindicata,
2746 4236 2843 4305 [67
2846 4277 2859 4292 .
2866 4244 2891 4309 ]

325 4336 537 4381 rursus
565 4336 724 4380 anno
753 4312 1074 4379 MDL1X⁰
1123 4312 1274 4377 duce
1300 4248 1652 4377 ssfizabetha
1696 4313 1903 4399 regins.
1949 4311 2024 4377 ad
2067 4313 2386 4399 pristinum
2430 4312 2721 4378 vomitum

325 4401 627 4481 rediverit,
664 4407 736 4466 ut
782 4400 1019 4467 dubites
1068 4398 1475 4465 infidelitatem
1519 4400 1905 4477 constantior,
1937 4422 2013 4464 an
2041 4397 2158 4463 fide
2184 4398 2616 4463 inconstantior
2643 4400 2721 4465 sit

325 4489 457 4555 hoec
581 4510 675 4553 ηε.
765 4486 970 4553 Iberni
1019 4486 1160 4569 verb
1212 4486 1391 4572 quam
1436 4486 1613 4565 firmi,
1687 4486 2046 4571 stabilesque
2115 4484 2237 4548 sint
2299 4485 2363 4548 in
2410 4482 2720 4571 Religione

325 4576 521 4643 Catho
545 4578 659 4656 ica,
744 4576 837 4653 iis,
928 4597 1062 4660 quae
1147 4574 1419 4661 superius
1506 4572 1875 4638 ostendimus
1963 4571 2105 4635 satis
2178 4576 2377 4656 aperte
2462 4582 2715 4655 constat,

327 4686 466 4729 cum
526 4663 601 4729 ab
661 4662 994 4727 orthodoxa
1057 4660 1193 4741 fide,
1266 4659 1733 4748 pontificumque
1801 4678 2170 4723 summorum
2230 4656 2434 4741 ductu,
2487 4666 2549 4724 et
2602 4661 2712 4726 im-

639 4799 663 4825 *
688 4794 861 4857 Beda,
884 4794 978 4849 lib.
1008 4798 1057 4856 1,
1083 4812 1132 4847 c.
1160 4798 1214 4847 5.
1767 4793 1807 4863 †
1848 4791 2017 4853 Idem,
2043 4790 2137 4846 lib.
2164 4794 2217 4859 3,
2242 4810 2288 4847 c.
2318 4796 2363 4845 1.

1002 4868 1034 4933 τ
1061 4864 1246 4931 ,Ῑᾱειιῃ
1269 4864 1346 4918 lib
1371 4868 1425 4927 ³,
1451 4881 1498 4917 c.
1527 4868 1582 4931 3,
1614 4864 1697 4927 19,
1723 4871 1778 4917 et
1802 4862 1897 4917 lib.
1926 4866 1981 4915 ⁵.

734 4940 804 4996 lo
