3634 5842
336 689 473 734 011».
507 665 641 750 111.]
1013 689 1098 732 nn
1143 687 1426 734 mannus
1471 687 1608 732 srru
1654 661 1730 732 111·
1771 688 2045 733 NATURA.
2638 671 2715 732 31

333 844 542 926 agunt,
595 839 860 925 mihique
906 842 1302 928 gratulantur,
1351 841 1710 908 affirmantes
1769 864 1865 906 me
1914 839 2238 926 proeteritis
2292 842 2549 925 peccatis
2598 863 2723 905 esse

335 933 678 1012 purgatum,
709 934 981 1013 oportere
1009 951 1146 994 vero
1177 929 1378 994 futura
1405 951 1646 994 cavere:
1693 937 1755 993 et
1781 929 1857 994 ad
1888 949 2100 1014 specus
2142 928 2363 993 ostium
2394 949 2723 1013 properare,

337 1015 476 1079 veni
503 1041 518 1078 z
565 1019 624 1078 et
655 1013 740 1079 ibi
766 1014 944 1079 iidem
974 1038 1070 1081 me
1099 1015 1426 1102 proestolati
1453 1015 1629 1081 faelici
1677 1016 1908 1081 itineris
1958 1015 2075 1080 mei
2106 1022 2323 1080 eventu
2345 1013 2479 1080 Deo
2508 1014 2727 1100 gratias

344 1099 509 1186 quod
537 1101 704 1180 hora,
736 1121 856 1188 qua
882 1103 1198 1188 praefectus
1243 1102 1515 1168 coenobio
1571 1103 1728 1168 fores
1778 1102 2154 1189 patefaceret,
2185 1101 2723 1188 appropinquabat.

343 1187 467 1252 Hic
498 1207 737 1274 quoque
765 1210 965 1254 meum
993 1190 1220 1255 socium
1249 1191 1518 1269 conveni,
1547 1197 1610 1256 et
1636 1188 1843 1255 ambos
1882 1189 2144 1275 religiosi
2170 1189 2362 1254 crucis
2392 1190 2564 1274 signo
2594 1211 2725 1253 mu-

342 1275 524 1353 nitos,
568 1281 629 1340 et
672 1275 1010 1361 impertitos
1059 1276 1316 1364 plurima
1365 1275 1556 1342 salute
1605 1276 1940 1342 dimittunt.
2028 1276 2238 1341 Socius
2284 1281 2484 1340 autem
2532 1275 2727 1340 noctis

343 1360 669 1441 laboribus,
701 1369 879 1448 atque
908 1362 1267 1428 cruciatibus
1315 1363 1402 1429 ita
1440 1375 1754 1447 quassatus
1797 1371 1859 1428 et
1886 1362 2078 1428 lassus
2107 1368 2251 1440 erat,
2284 1370 2355 1427 ut
2381 1361 2573 1427 redire
2600 1383 2727 1427 non

387 1449 625 1527 otuerit,
669 1449 787 1514 nisi
815 1473 850 1516 a
878 1472 974 1514 me
1024 1449 1366 1515 sublevatus
1417 1459 1478 1514 et
1525 1450 1618 1535 adj
1626 1455 1785 1514 utus.
1872 1449 2028 1513 Cum
2073 1447 2385 1534 paululum
2429 1471 2538 1535 pro
2612 1448 2730 1514 essi

371 1536 678 1614 uissemuS,
703 1537 828 1621 jam
857 1558 1051 1623 neque
1081 1537 1329 1615 exitum,
1360 1557 1554 1621 neque
1580 1537 1734 1601 viam
1766 1535 1946 1601 ullam
1976 1535 2434 1620 reperiebamus.
2526 1471 2730 1608 &bare

343 1623 722 1690 vehementer
764 1624 1026 1689 exterriti
1055 1630 1118 1689 et
1145 1623 1306 1689 anxii
1331 1623 1466 1688 fixis
1495 1622 1622 1688 solo
1666 1621 1921 1708 genibus
1962 1621 2293 1687 Dominum
2336 1644 2501 1687 orare
2550 1623 2729 1708 coepi·

349 1732 500 1788 111113,
530 1716 602 1773 ut
644 1710 1147 1796 quemadmodum
1175 1713 1242 1774 in
1291 1711 1606 1796 praeteritis
1643 1708 1943 1796 periculis,
1986 1731 2099 1772 nos
2127 1711 2224 1794 pie
2254 1709 2525 1788 servavit,
2555 1709 2642 1774 ita
2670 1717 2732 1774 et

349 1796 465 1861 illis
495 1796 788 1881 angustiis
817 1797 1092 1884 eriperet.
1176 1797 1342 1882 Ergo
1371 1795 1648 1884 precibus
1676 1803 1997 1882 occupatos
2027 1803 2089 1860 et
2116 1795 2299 1882 longa
2339 1795 2563 1882 vigilia,
2607 1818 2732 1860 cre-

350 1882 592 1969 brisque
623 1882 962 1948 daemonum
1006 1883 1406 1964 conflictibus,
1435 1904 1586 1969 quos
1615 1883 1862 1948 memini
1904 1882 2207 1968 fatigatos,
2250 1881 2406 1948 altus
2436 1905 2614 1968 sopor
2641 1891 2735 1946 est

347 1969 674 2056 amplexus.
767 1969 909 2043 Quo
936 1977 1143 2058 postea
1170 1971 1394 2036 fuimus
1438 1971 1699 2050 excitati,
1747 1991 1967 2056 magno
1997 1970 2248 2049 tonitru,
2274 1969 2505 2034 minore
2534 1977 2734 2034 tamen

348 2057 564 2143 priore,
594 2057 660 2122 in
689 2056 853 2122 illam
883 2057 1132 2144 primam
1163 2079 1374 2144 specus
1404 2058 1854 2136 concavitatem,
1897 2056 2061 2121 unde
2091 2063 2263 2122 antea
2314 2056 2732 2135 cecideramus,

349 2142 550 2208 subito
573 2143 730 2223 elati,
755 2145 1044 2231 juxtaque
1067 2145 1310 2231 januam
1329 2146 1570 2210 attoniti
1597 2144 1809 2210 relicti.
1902 2143 2151 2229 Iamque
2170 2144 2349 2231 prior,
2382 2142 2734 2222 sacerdotes,

349 2237 412 2296 et
438 2230 655 2316 reliqui
682 2231 946 2312 aderant,
977 2241 1212 2318 portam
1242 2233 1590 2316 aperientes,
1637 2232 1744 2317 qui
1773 2253 1885 2295 nos
1912 2232 2169 2296 maximo
2215 2230 2453 2316 gaudio,
2484 2238 2546 2296 et
2574 2251 2735 2294 sum·

347 2340 448 2383 ma
473 2317 874 2403 gratulatione
903 2319 1158 2405 amplexi
1186 2320 1252 2384 in
1281 2319 1572 2405 templum
1617 2318 1726 2384 ubi
1769 2316 1904 2382 Deo
1955 2318 2177 2402 gratias
2227 2318 2476 2403 egimus,
2521 2317 2736 2382 redux-

347 2412 543 2470 erunt.
633 2403 788 2470 Inde
818 2405 1139 2472 venerabili
1181 2406 1524 2472 monasterii
1566 2405 1869 2492 praefecte,
1901 2413 1961 2469 et
1990 2405 2119 2490 ejus
2145 2404 2439 2490 religiosis
2468 2403 2739 2468 salutatis

347 2513 456 2577 per
509 2490 794 2590 Angliam
843 2493 1105 2558 Parisios
1152 2493 1309 2558 veni.
1402 2492 1554 2558 Haec
1595 2493 1713 2557 fuit
1757 2513 1890 2556 mea
1931 2491 2221 2577 profectio
2263 2492 2328 2556 in
2355 2490 2499 2556 Divi
2526 2489 2741 2555 Patriti

345 2584 787 2664 purgatorium.

1363 3048 1542 3116 CAP.
1591 3050 1719 3116 111.

353 3209 636 3282 Philippus
660 3211 1071 3268 translationem
1096 3231 1250 3268 suam
1276 3233 1516 3273 censure
1542 3225 1599 3272 et
1635 3217 1965 3274 correctioni
1990 3217 2201 3274 sanctae
2240 3215 2441 3272 Matris
2486 3214 2740 3270 Ecclesia

1057 3293 1115 3340 et
1143 3287 1330 3342 Sacrae
1355 3287 1730 3360 Inquisitionis
1752 3289 1994 3360 subjicit.

355 3435 516 3502 Hoec
545 3461 658 3524 ego
685 3438 1000 3527 Philippus
1030 3427 1484 3522 O'Sullevanus,
1515 3445 1672 3510 sicut
1715 3444 1857 3525 dixi,
1899 3445 2196 3525 transtuli,
2243 3449 2305 3510 et
2332 3449 2554 3510 coetera
2580 3464 2617 3505 a
2643 3461 2739 3505 me

355 3523 513 3591 dicta
540 3532 602 3589 et
631 3525 899 3606 dicenda,
927 3548 1143 3615 meque
1169 3529 1369 3614 ipsum
1397 3553 1662 3597 censurae
1685 3531 1931 3618 judicic,
1964 3538 2027 3596 et
2054 3531 2404 3597 correctioni
2438 3533 2469 3613 ss
2506 3529 2739 3593 Sanctae
2760 3542 2845 3609 [31
2882 3543 2909 3611 ]

354 3611 573 3677 Matris
621 3611 906 3678 Ecclesiae
958 3621 1020 3680 et
1071 3615 1263 3681 Sacrae
1309 3615 1732 3702 Inquisitionis
1781 3617 2055 3703 subjicio·
2154 3617 2309 3682 Hoec
2352 3613 2741 3680 Vicecomitis

353 3698 604 3764 historia
633 3699 685 3763 si
727 3699 928 3787 aliqua
971 3701 1038 3766 in
1081 3709 1249 3788 parte
1294 3704 1528 3769 creditu
1577 3704 1834 3770 difficilis
1871 3704 2162 3782 videatur,
2216 3703 2387 3768 adeat
2438 3709 2531 3766 stu
2539 3700 2741 3764 diosus

351 3785 639 3865 veritatis,
692 3785 920 3852 Divum
964 3787 1324 3887 Dionysium
1368 3791 1849 3868 carthusianum,
1898 3790 2003 3876 qui
2050 3790 2115 3854 in
2160 3812 2335 3876 opere
2365 3789 2439 3853 de
2470 3787 2745 3859 Quatuor

355 3871 720 3938 Novissimis
750 3879 812 3938 et
841 3873 914 3938 de
955 3872 1186 3960 judicio
1229 3876 1459 3956 animae,
1506 3876 1582 3942 de
1610 3877 1740 3942 aliis
1770 3877 1877 3962 qui
1904 3900 1979 3942 ex
2007 3877 2123 3942 hoc
2150 3874 2496 3962 purgatorio
2525 3875 2745 3940 reversi

355 3966 499 4024 sunt
521 3957 744 4024 similes
773 3961 1050 4026 historias
1079 3963 1259 4027 refert
1287 3971 1350 4027 et
1377 3985 1504 4028 rem
1531 3964 1664 4028 fuse
1694 3969 1935 4030 secutus
1964 3964 2349 4050 argumentis,
2382 3968 2563 4048 atque
2592 3960 2745 4026 diffi-

355 4044 684 4112 cultatibus
711 4045 1049 4132 respondet.
1137 4050 1232 4113 Ac
1258 4048 1359 4114 ille
1389 4057 1450 4114 et
1479 4049 1580 4116 alii
1609 4051 1887 4116 authores
1916 4052 2089 4139 plura
2115 4057 2177 4116 et
2204 4050 2393 4116 multa
2416 4047 2747 4137 purgatorii

357 4135 758 4200 cruciamenta
785 4133 1052 4201 tradunt.
1142 4133 1325 4207 Quod
1354 4142 1416 4201 et
1442 4135 1738 4223 Virgilius
1765 4139 1947 4204 canit.
2298 4190 2303 4204 .

781 4295 912 4350 Non
935 4296 1088 4364 mihi,
1111 4299 1157 4352 si
1179 4297 1380 4369 linguoe
1404 4307 1622 4352 centum
1647 4301 1773 4364 sint,
1799 4319 2003 4371 oraque
2030 4309 2273 4362 centum,

783 4367 993 4422 Ferrea
1015 4387 1139 4432 vox,
1165 4386 1350 4422 omnes
1375 4368 1642 4424 scelerum
1667 4372 2060 4454 comprendere
2083 4371 2315 4432 formas,

791 4438 991 4494 Omnia
1011 4457 1290 4512 penarum
1313 4457 1640 4512 percurrere
1665 4459 1886 4495 nomina
1908 4459 2138 4513 possem.
