3634 5842
395 770 533 817 car.
565 751 686 837 v1.]
1039 774 1124 819 nn
1169 773 1372 819 nanno
1417 774 1799 825 Qumnnonu
1844 775 2175 821 Amorion.
2542 802 2549 811 ·
2654 760 2775 823 14⁷

394 924 546 991 Haec
588 926 872 1013 cogitatio
931 924 1250 1005 Quintum,
1307 932 1370 991 et
1429 926 1762 993 Henricum
1791 926 1869 993 O'
1872 927 1938 993 N
1940 927 2121 993 ellum
2150 928 2191 993 J
2192 927 2443 993 ohannis
2494 929 2777 1014 principis

385 1012 559 1092 filios,
590 1019 653 1078 et
678 1014 899 1078 Artum
926 1012 1190 1079 Terentii
1217 1013 1404 1079 filium
1433 1015 1500 1079 in
1527 1013 1857 1080 O'Nellum
1884 1016 2092 1079 movit.
2150 1015 2379 1081 Eadem
2408 1013 2777 1101 principatus

385 1100 682 1167 affectatio
709 1100 984 1167 incitavit
1026 1098 1275 1165 Nellum
1327 1100 1728 1168 O'Donellum
1781 1110 2177 1188 cognomento
2207 1105 2524 1187 Asperum,
2554 1108 2625 1165 ut
2676 1101 2776 1168 ad-

386 1208 590 1251 versus
620 1186 1024 1253 O'Donellum
1069 1186 1469 1273 belligerando
1517 1188 1867 1255 'I‘irconellae
1909 1186 2207 1255 excidium
2242 1190 2461 1255 afferet.
2549 1188 2775 1254 Eadem

383 1272 684 1340 aemulatio
710 1273 1538 1360 EugeniumO'Sullevanum
1558 1276 1624 1340 in
1646 1275 2113 1342 O'Sullevanum
2140 1276 2427 1342 Bearrnm
2450 1276 2776 1361 patruelem

383 1360 642 1447 impulit.
727 1361 958 1429 Eadem
985 1360 1203 1446 cupido
1231 1361 1558 1428 'Phadaeum
1587 1361 1977 1429 O'Ruarkum
2021 1363 2088 1428 in
2114 1362 2505 1429 O'Ruarkum
2534 1363 2775 1429 fratrem

382 1446 708 1533 instigavit.
824 1446 1053 1515 Eadem
1101 1446 1288 1515 libido
1336 1448 1478 1515 Mac
1508 1449 1758 1515 Guirem
1807 1450 2197 1537 Angliensem
2238 1452 2303 1515 in
2355 1450 2497 1515 Mac
2526 1448 2775 1515 Guirem

381 1533 728 1601 stimulavit.
817 1534 984 1607 Quid
1011 1534 1318 1615 Florentii,
1347 1536 1532 1601 Derm
1573 1537 1666 1616 sii,
1693 1537 1963 1603 Danielis
2004 1537 2466 1614 content-ionem,
2496 1536 2571 1601 de
2597 1535 2773 1602 Clan-

381 1621 602 1687 carrhae
676 1623 971 1709 rincipatu
997 1622 1296 1689 referam?
1385 1621 1510 1694 Qui
1596 1645 1917 1690 memorem
1966 1623 2009 1687 J
2008 1624 2230 1689 aimum
2270 1622 2646 1689 Giraldinum
2676 1645 2773 1689 co-

381 1709 586 1774 mitem
614 1731 650 1773 o
731 1710 971 1777 alterius
1000 1708 1043 1773 J
1044 1709 1184 1775 aimi
1209 1709 1530 1775 factionem
1555 1710 1781 1776 viribus
1811 1709 2167 1776 destitutum
2183 1710 2258 1775 1³*
2318 1709 2485 1781 Quid
2510 1716 2773 1796 repetem

379 1802 656 1862 sexcenta
701 1796 881 1882 hujus
923 1797 1014 1863 rei
1062 1796 1379 1881 exempla?
1463 1796 1642 1863 Certe
1689 1797 1897 1863 Iberni
1940 1798 2077 1875 mei,
2123 1798 2391 1884 quamvis
2448 1796 2770 1862 Catholicae

379 1881 535 1961 fidei,
588 1882 1035 1970 Religionisque
1085 1882 1302 1949 divinae
1347 1882 1536 1962 cultu,
1589 1890 1651 1949 et
1718 1884 2095 1951 observantia
2143 1884 2319 1971 pleris
2364 1906 2441 1949 ue
2490 1882 2771 1970 gentibus

380 1975 682 2052 praestent,
711 1970 892 2057 hujus
918 1978 1116 2037 tamen
1148 1969 1290 2036 belli
1317 1978 1601 2057 tempore,
1648 1970 1925 2049 factione,
1959 1970 2221 2052 dissidio,
2250 1994 2349 2037 am
2389 1972 2593 2049 itione,
2638 1992 2769 2057 per-

381 2056 520 2121 fidia
545 2057 775 2138 Turcis,
805 2065 867 2123 et
895 2058 1184 2124 haeretieis
1231 2057 1472 2143 plurimi
1500 2057 1819 2125 deteriores
1876 2058 2137 2125 fuerunt.
2226 2058 2461 2123 Idcirco
2490 2058 2616 2123 fieri
2658 2058 2769 2123 mi·

381 2144 540 2293 11111ωο
567 2146 784 2297 Ροέιὲι,
816 2146 1106 2297 quinliitot,
1137 2146 1438 2295 tantistffie
1466 2144 1775 2297 (11003ᾗάᾒο
1790 2144 2047 2297 ‘lgernia
2075 2146 2315 2230 penitus
2341 2143 2766 2297 devasdtpretur.

447 2253 636 2309 am‚u
747 2256 820 2298 va
1029 2254 1342 2298 sacriorac
1407 2254 1444 2297 0
1513 2254 1581 2299 ro
1675 2255 1763 2311 nr,
1898 2256 2035 2297 mne
2064 2256 2129 2297 re
2213 2254 2483 2297 ummse
2574 2253 2769 2297 Visum

379 2316 806 2385 desolabitur?
818 2255 1013 2405 η8111830
1042 2319 1282 2419 quidem
1307 2255 1670 2406 magnlbpere
1697 2320 1899 2399 miror,
1932 2319 2095 2405 qubd
2124 2254 2355 2385 t‘anmdiu
2382 2324 2476 2383 tot
2504 2317 2767 2397 dissidia,

378 2410 470 2468 tot
499 2404 672 2485 bella,
703 2412 797 2470 tot
840 2405 1117 2471 incendia
1153 2405 1520 2471 sustinuerit.
1610 2405 1794 2477 Quod
1840 2406 1980 2471 vero
2031 2405 2475 2472 Catholieorum
2501 2405 2771 2490 paucitas

377 2490 864 2571 Protestantium,
892 2499 955 2556 et
979 2492 1245 2576 ipsorum
1293 2492 1666 2558 auxiliarium
1716 2492 2161 2557 multitudinem
2204 2515 2359 2577 saepe
2387 2492 2769 2576 superaverit,

375 2577 596 2642 milites
624 2580 960 2643 semiermes
989 2578 1280 2643 exercitus
1309 2580 1474 2643 omni
1530 2601 1745 2664 genere
1773 2601 2071 2645 armorum
2099 2580 2589 2643 instructissimos
2630 2600 2766 2663 pro-

375 2664 746 2747 fligaverint:
793 2665 1023 2749 exiguae
1078 2663 1522 2729 Catholicorum
1578 2664 1893 2729 facultates
1948 2664 2189 2749 Angliae
2237 2666 2461 2749 reginae
2518 2664 2764 2743 divitiis,

375 2756 557 2835 atque
585 2750 870 2835 potentiae
897 2772 1084 2815 annos
1135 2750 1474 2836 quindecim
1523 2751 1887 2816 restiterint:
1932 2774 2006 2815 ex
2034 2750 2467 2835 angustissimis
2498 2749 2765 2815 exordio-

374 2858 511 2901 rum
541 2836 748 2901 rivulis
798 2836 1021 2902 bellum
1073 2844 1285 2921 praeter
1331 2837 1600 2901 omnium
1650 2837 1989 2922 opinionem
2020 2836 2091 2901 eb
2121 2836 2549 2921 magnitudinis
2577 2835 2766 2901 incre·

375 2924 544 3003 verit,
577 2930 648 2988 ut
677 2925 799 2989 sint
828 2924 1088 2989 haeretici
1116 2923 1361 2988 adducti
1388 2924 1454 2987 in
1506 2923 1822 2988 discrimen
1871 2922 2128 2989 Iberniae
2170 2923 2359 2988 totius
2410 2923 2767 3003 amittendae,

377 3032 500 3101 non
530 3012 645 3077 nisi
674 3011 962 3077 divinitus
989 3010 1214 3076 factum
1245 3010 1426 3075 fuisse
1456 3011 1748 3075 existimo.

1418 3328 1598 3395 CAP.
1645 3329 1763 3393 VI.

684 3482 821 3546 Quis
845 3482 1016 3539 fuerit
1039 3501 1229 3538 rerum
1254 3490 1430 3537 status
1454 3485 1511 3538 in
1539 3484 1760 3540 Ibernia
1783 3485 1888 3539 hoc
1911 3484 2057 3539 bello
2082 3486 2411 3558 incipiente?

380 3624 524 3691 Hac
541 3634 891 3714 tempestate
906 3630 1124 3697 Daniel
1145 3631 1286 3695 Mac
1308 3630 1531 3696 Carrha
1557 3630 1931 3698 Clancarrhae
1960 3633 2253 3719 princepe,
2286 3643 2467 3722 atque
2484 3637 2769 3703 Belinsiae

377 3735 572 3779 comes
589 3718 956 3804 paciS,quam
982 3716 1122 3782 belli
1138 3739 1216 3784 eu
1257 3717 1731 3803 idior,aetateque
1748 3740 2060 3783 senescens
2082 3721 2421 3806 Anglorum
2449 3725 2769 3790 amicitiam

377 3802 626 3867 retinere
655 3805 818 3869 omni
847 3804 1047 3870 studio
1070 3740 1421 3882 enitebatur,
1443 3811 1504 3868 et
1518 3805 1762 3890 insuper
1783 3804 2039 3889 opiparis
2062 3806 2345 3888 obsoniis,
2364 3815 2543 3896 atque
2572 3810 2767 3896 splen-

376 3886 530 3952 didis
558 3891 846 3955 conviviis
896 3890 1132 3956 deditus
1183 3890 1613 3975 amplissimum
1663 3891 2085 3977 patrimonium
2127 3895 2383 3977 profusis
2428 3897 2770 3983 sumptibus

375 3974 790 4061 obliguriebat.
880 3977 1064 4048 Quod
1091 3978 1355 4041 hominis
1385 3977 1694 4062 ingenium
1726 3976 1917 4063 Angli
1958 3978 2144 4063 probe
2174 3984 2419 4067 experti,
2448 3984 2601 4048 nihil
2630 4006 2769 4049 eum

375 4064 772 4145 persecutioni
801 4063 1174 4129 obstaturam
1205 4063 1570 4143 metuebant,
1601 4063 1780 4130 modo
1807 4064 2006 4149 ipsum
2034 4064 2339 4135 Catholice
2391 4072 2584 4136 vivere
2613 4072 2768 4136 sine-

376 4156 528 4212 rent.
617 4150 1031 4217 Fortissimum
1086 4150 1532 4215 Giraldinorum
1582 4150 2028 4216 Momoniorum
2080 4176 2271 4239 genus
2319 4162 2445 4222 erat
2488 4180 2641 4243 pene
2669 4180 2769 4222 ex·

375 4236 650 4301 tinctum.
747 4238 872 4303 Alii
923 4237 1044 4303 duo
1091 4237 1386 4302 Momonii
1433 4237 1732 4323 principes
1776 4245 2051 4324 potentes
2114 4241 2354 4307 haeraeis
2412 4245 2767 4331 contagione

291 4406 314 4421 .
383 4322 558 4407 (proh
598 4325 824 4411 pudor)
884 4324 1294 4397 laborabant.†
1381 4323 1816 4390 O'Sullevanus
1875 4326 2111 4392 Bearrae
2168 4330 2461 4416 princeps,
2522 4337 2583 4396 et
2641 4331 2769 4416 ejus

447 4488 471 4513 ‘¹
505 4487 725 4542 Almost
751 4488 824 4541 all
847 4488 1000 4541 these
1023 4486 1355 4543 dissensions
1379 4503 1476 4541 are
1496 4486 1812 4541 chronicled
1835 4487 1891 4541 in
1918 4488 2012 4542 the
2036 4488 2194 4544 Four
2220 4490 2462 4547 Masters
2482 4514 2499 4561 3
2526 4494 2573 4547 it
2597 4494 2643 4549 is
2668 4500 2769 4549 not

379 4558 558 4612 worth
581 4558 677 4613 the
701 4559 920 4613 trouble
943 4567 1004 4613 to
1026 4560 1102 4613 fix
1125 4558 1270 4612 their
1295 4558 1466 4611 dates.

450 4626 488 4680 ‘l’
529 4629 651 4685 One
675 4629 741 4683 of
753 4630 904 4684 these
929 4631 975 4683 is
999 4629 1266 4701 certainly
1285 4628 1462 4683 Black
1489 4626 1748 4690 Thomas,
1773 4628 1916 4683 Earl
1935 4630 2001 4683 of
2021 4630 2289 4696 Ormond‚
2316 4634 2438 4690 who
2456 4654 2565 4691 was
2590 4644 2649 4691 to
2672 4637 2768 4691 the

380 4698 525 4753 Irish
554 4700 855 4767 Catholics,
883 4702 1084 4774 during
1109 4702 1202 4756 the
1227 4701 1401 4754 whole
1424 4699 1581 4771 reign
1607 4699 1672 4753 of
1699 4700 2013 4764 Elizabeth,
2041 4702 2186 4757 what
2209 4704 2294 4758 his
2316 4708 2766 4780 grand-nephar,

379 4769 478 4824 the
513 4771 634 4825 first
659 4772 823 4825 Duke
847 4772 914 4827 of
945 4773 1245 4836 Ormonde,
1279 4788 1388 4826 was
1431 4770 1632 4856 during
1654 4770 1748 4825 the
1790 4772 1949 4844 reign
1976 4773 2041 4827 of
2070 4774 2299 4831 Char-les
2326 4780 2373 4833 1.
2401 4780 2497 4835 &c.
2516 4782 2611 4835 &c.
2647 4780 2767 4837 The

381 4844 586 4897 second
611 4861 722 4898 was
747 4844 922 4898 either
949 4844 1242 4900 Thomond
1267 4862 1332 4899 or
1359 4842 1669 4915 Inchiqmn.
