3634 5842
0 2746 3 2759 ”
0 2608 16 2687 ἡ
0 2586 2 2589 ’
0 2268 25 2499 ''w-Y
0 2154 10 2173 “
3 2107 29 2139 υ
0 2042 23 2066 .“
0 1970 3 2019 ''-

903 752 1026 816 192
1335 754 1751 815 o'suusvnu
1783 769 2099 815 msronus
2130 767 2528 827 carrionem,
2557 768 2701 815 rou.
2734 770 2835 813 111.
2994 746 3150 836 [us.
3196 772 3291 818 ιν.

896 924 999 989 nio
1027 922 1210 989 fuisse
1238 923 1587 1010 praedictum
1617 945 1688 987 eo
1715 922 1781 987 in
1808 922 1941 989 loco
1978 921 2323 987 haereticum
2350 922 2533 988 fuisse
2560 922 3017 1009 profligandum,
3050 932 3112 991 et
3138 946 3290 1012 prae-

895 1012 1228 1075 sensionem
1259 1010 1535 1076 Ibernico
1565 1018 1755 1074 metro
1842 1010 2090 1076 relatam
2114 1009 2181 1073 in
2209 1007 2363 1075 libro
2394 1010 2828 1075 divinationum
2858 1012 3045 1077 sancti
3089 1020 3289 1079 osten-

891 1097 1096 1249 gisset.
1190 1097 1329 1171 Qua
1356 1098 1736 1168 confirmatus
1767 1032 2064 1162 &Nellus
2094 1095 2169 1161 ad
2191 1118 2455 1184 pugnam
2478 1120 2617 1164 suos
2646 1097 2759 1163 hac
2788 1099 3053 1164 oratione
3080 1099 3290 1165 cohor-

955 1193 1073 1249 tur.

979 1278 1021 1307 “
1039 1270 1217 1343 Quod
1250 1272 1286 1335 a
1313 1271 1443 1337 Deo
1474 1269 1720 1354 Optimo
1739 1268 2008 1335 Maximo
2041 1270 2183 1356 (viri
2210 1270 2719 1351 Christianissimi,
2742 1276 2921 1355 atque
2948 1271 3281 1357 fortissimi)

887 1359 1134 1424 summis
1181 1358 1456 1445 precibus
1501 1380 1656 1443 saepe
1707 1356 2044 1442 petivimus,
2096 1364 2274 1445 atque
2326 1358 2759 1435 contendimus,
2789 1358 2871 1437 id,
2921 1368 2983 1423 et
3027 1360 3283 1446 amplius

886 1446 1066 1511 etiam
1095 1446 1270 1511 hodie
1299 1445 1502 1509 divino
1533 1443 1789 1529 quodam
1820 1466 2064 1509 munere
2094 1467 2299 1510 sumus
2328 1445 2599 1509 assecuti.
2644 1443 2735 1510 Ut
2762 1467 2932 1530 pares
2961 1446 3281 1531 aliquando

884 1557 1022 1599 cum
1067 1530 1545 1598 Protestantibus
1592 1531 2021 1609 dimicaremus,
2073 1531 2291 1611 Deum,
2318 1538 2496 1617 atque
2526 1532 2767 1610 coelites,
2798 1554 3047 1617 semper,
3078 1556 3281 1600 exora-

883 1643 1035 1687 mus.
1129 1620 1272 1685 Huc
1322 1619 1614 1683 orationes
1660 1624 1912 1696 nostras,
1964 1619 2083 1684 huc
2130 1626 2269 1683 vota
2316 1618 2699 1686 intendimus.
2760 1617 2931 1683 ·Jam
2976 1619 3113 1685 verb
3156 1644 3282 1688 non

881 1708 1059 1773 modo
1089 1730 1278 1793 pares,
1309 1707 1412 1771 sed
1442 1706 1618 1770 etiam
1647 1705 1847 1792 plures
1876 1728 2122 1771 numero
2166 1727 2391 1771 sumus.
2480 1705 2681 1792 Igitur
2710 1705 2813 1792 qui
2841 1708 3147 1790 pauciores
3175 1731 3279 1794 ag-

880 1795 1040 1860 mina
1089 1794 1366 1860 haerctica
1408 1792 1668 1871 fudistis,
1729 1791 1948 1856 eisdem
1980 1792 2178 1878 plures
2207 1791 2539 1857 obstabitis.
2626 1792 2762 1878 Ego
2793 1792 3033 1876 quidem
3063 1817 3185 1860 non
3212 1796 3279 1861 in

879 1882 1133 1947 exanimi
1179 1880 1572 1966 cataphracta,
1601 1900 1724 1943 non
1751 1880 1816 1943 in
1844 1884 2275 1945 tormentorum
2326 1880 2489 1943 inani
2538 1879 2760 1958 sonitu,
2791 1879 2895 1944 sed
2923 1878 2987 1945 in
3019 1880 3186 1960 vivis,
3216 1888 3278 1947 et

877 1968 1188 2055 intrepidis
1245 1967 1456 2032 animis
1507 1967 1806 2031 constituo
1850 1965 2175 2031 victoriam.
2266 1964 2654 2045 Mementote,
2700 1966 2930 2051 quoties
2959 1965 3278 2035 nobiliores

875 2057 1075 2135 duces,
1105 2054 1356 2140 majores
1401 2052 1618 2138 copias,
1651 2057 1712 2117 ct
1739 2053 1939 2137 ipsum
1988 2053 2165 2117 etiam
2215 2051 2543 2138 Bagnalem
2586 2054 2787 2119 minus
2836 2054 3042 2138 parati,
3074 2062 3136 2119 et
3181 2056 3273 2121 in-

875 2143 1087 2207 structi
1115 2140 1546 2225 superaveritis.
1634 2140 1821 2224 Angli
1870 2160 1980 2203 nec
2010 2138 2228 2217 animo,
2258 2162 2371 2204 nec
2399 2140 2637 2219 virtute,
2668 2162 2779 2206 nec
2807 2139 3111 2225 praeliandi
3132 2164 3274 2207 con·

873 2230 1091 2294 stantia
1116 2228 1360 2293 fuerunt
1388 2246 1648 2312 unquam
1680 2248 1821 2291 cum
1848 2224 2083 2291 Ibernis
2112 2226 2474 2292 conferendi.
2564 2226 2689 2297 Qui
2716 2226 2855 2291 verb
2898 2226 3103 2293 Iberni
3132 2252 3271 2294 oon-

871 2324 963 2381 tra
991 2339 1097 2380 vos
1126 2313 1460 2379 dimicaturi
1508 2319 1668 2392 sunt,
1699 2311 2022 2378 Catholicae
2067 2312 2207 2377 fidei
2236 2320 2613 2400 oppugnatae,
2645 2313 2739 2377 sui
2790 2314 3044 2393 sceleris,
3090 2322 3153 2381 at
3196 2339 3273 2381 ue

870 2402 1218 2489 schysmatis
1275 2400 1637 2466 conscientia
1677 2398 2253 2466 consternabuntur:
2321 2402 2525 2467 eadem
2568 2398 2875 2466 Catholica
2928 2400 3047 2466 fide
3103 2336 3272 2469 vdbis

867 2490 1020 2555 vires
1050 2494 1305 2575 augente
1331 2514 1346 2553 ε
1395 2486 1491 2553 hic
1537 2485 1935 2551 Christianam
1964 2486 2331 2573 religionem,
2362 2488 2632 2573 patriam,
2663 2485 2897 2565 liberoS,
2927 2510 3142 2555 uxores
3169 2490 3271 2555 de·

866 2576 1256 2642 fendendum.
1346 2574 1470 2639 Hic
1519 2573 1753 2660 Bagnal
1781 2574 2194 2639 haereticorum
2219 2576 2489 2639 omnium
2516 2575 2835 2640 acerrimus
2864 2584 3057 2639 vester
3084 2576 3271 2643 hostis

865 2664 970 2750 qui
1014 2665 1080 2729 in
1131 2663 1288 2729 bona
1337 2668 1532 2727 vestra
1575 2662 1865 2746 impetum
1916 2661 2078 2740 facit,
2111 2661 2214 2747 qui
2258 2669 2527 2727 vestrum
2578 2661 2929 2746 sanguinem
2972 2664 3119 2744 sitit,
3166 2664 3269 2749 qui

861 2772 1060 2816 meum
1090 2752 1379 2816 honorem
1406 2754 1734 2834 oppugnat,
1757 2746 1961 2812 debito
1984 2748 2274 2835 supplicio
2304 2748 2665 2815 afficiendus.
2714 2747 2835 2813 Hic
2864 2747 3271 2816 ulciscendum

862 2836 1118 2904 dedecus
1146 2836 1314 2917 illud,
1347 2834 1528 2921 quod,
1561 2857 1672 2919 ego
1703 2834 1867 2921 apud
1892 2834 2218 2900 Tumulum
2260 2835 2489 2901 Album
2518 2836 2716 2921 accepi
2744 2835 2782 2898 ὲ
2809 2833 3076 2921 Bagnale
3144 2846 3269 2904 arte

859 2933 1192 2991 castrorum
1240 2925 1483 3011 ejectus,
1573 2922 1697 2987 Hic
1747 2944 1905 2987 mors
1936 2922 2411 2988 commilitonum
2440 2935 2791 3001 vestrorum,
2822 2942 2975 3007 quos
3001 2923 3067 2988 in
3148 2930 3268 2990 ort-

856 3014 1039 3077 moris
1086 3011 1532 3097 oppugnatione
1576 3009 1901 3087 amisimus,
1948 3009 2320 3089 vindicanda,
2351 3016 2412 3076 et
2440 3032 2544 3074 arx
2584 3010 2734 3095 ipsa,
2807 3031 2946 3074 uam
2975 3010 3080 3074 diu
3111 3009 3268 3077 obsi-

856 3098 1027 3177 detis,
1078 3098 1222 3163 dum
1272 3120 1403 3162 eam
1450 3102 1782 3161 commeatu
1833 3096 2250 3175 intercluditis,
2280 3096 2698 3182 expugnanda.
2857 3096 2912 3161 ic
2941 3095 3265 3165 obtinenda

853 3185 1120 3263 victoria,
1152 3202 1332 3269 quam
1359 3181 1528 3247 vobis
1556 3181 1855 3247 Dominus
1884 3182 2029 3247 Divi
2056 3182 2266 3248 Ultani
2294 3182 2676 3269 praedictione
2705 3180 3039 3267 pollicetur.
3097 3184 3264 3271 Ergo

659 3278 834 3349 [153.]
857 3270 1046 3353 Deo,ss
1083 3269 1475 3354 caelicolisque
1497 3267 1848 3354 juvantibus
1874 3291 2002 3335 rem
2030 3268 2299 3335 faeliciter
2326 3269 2575 3356 gerite.”
2666 3269 2891 3334 Contra
2918 3268 3153 3357 Bagnal
3178 3274 3267 3338 ita

857 3356 1378 3509 suqfflffdlsstilliidffie
1402 3447 1611 3521 vestra,
1635 3440 2067 3507 commilitones
2095 3442 2487 3521 invictissimi,
2518 3443 2727 3521 fretus,
2758 3464 2867 3507 vos
2895 3442 3045 3509 mihi
3073 3446 3264 3512 socios

855 3532 1028 3619 elegi,
1075 3530 1274 3609 rudes,
1323 3537 1503 3681 affine
1553 3528 1573 3593 i
1725 3551 1794 3594 os
1843 3529 1909 3593 in
1957 3530 2247 3617 praesidiis
2278 3529 2666 3608 constituens,
2698 3536 2761 3594 et
2787 3530 2945 3595 feces
2972 3533 3261 3613 omnium,

854 3620 1125 3685 homines
1174 3616 1384 3683 imbec'
1434 3639 1501 3681 os
1615 3616 1851 3681 rmonio
1902 3615 2122 3682 Comiti
2150 3617 2510 3703 relinquens,
2540 3639 2797 3701 quorum
2822 3618 3061 3702 ignavia
3088 3642 3262 3705 aequo

853 3707 1024 3772 illum
1068 3728 1196 3771 rem
1244 3702 1396 3771 faede
1446 3711 1757 3790 gesturum
1805 3704 2033 3789 putavi,
2064 3727 2134 3770 ac
2161 3704 2309 3770 mihi
2337 3705 2581 3790 promisi
2610 3702 2927 3791 gloriosam
2954 3704 3259 3772 victoriam

847 3816 1034 3881 'opera
1081 3799 1280 3859 vestra
1325 3789 1760 3877 reportandam.
1788 3825 1799 3837 ·
1850 3790 1929 3856 Id
1978 3814 2235 3878 namque
2283 3800 2495 3856 vestrae
2522 3791 3049 3877 magnanimitatis,
3079 3800 3259 3879 atque

853 3882 1092 3947 virtutis
1141 3878 1473 3967 periculum
1521 3899 1750 3962 semper
1799 3877 1932 3956 feci,
1964 3884 2035 3942 ut
2061 3901 2185 3944 non
2215 3878 2437 3965 possim
2465 3901 2590 3943 non
2617 3878 2930 3964 concipere
2957 3878 3257 3947 hodierna!

853 3970 1120 4035 victoriae
1149 3989 1318 4052 spem
1343 3964 1759 4044 indubitatam,
1805 3971 1985 4050 atque
2026 3964 2433 4031 certissimam.
2520 3965 2739 4051 Neque
2768 3964 2962 4043 credo,
2996 3967 3143 4051 quin
3170 3968 3256 4033 fa-

853 4056 960 4122 tali
989 4053 1242 4142 quadam
1271 4052 1570 4118 faelicitate
1598 4058 1692 4116 tot
1721 4073 1891 4117 casus
1930 4052 2223 4131 adversos,
2253 4059 2349 4117 tot
2376 4051 2733 4131 discrimina,
2762 4051 3094 4118 incolumes
3122 4076 3255 4121 eva-

852 4145 1066 4224 seritis,
1093 4149 1167 4207 ut
1193 4139 1373 4205 hodie
1398 4136 1593 4204 fauste
1621 4138 1913 4204 vincendo
1936 4146 2123 4205 totam
2139 4141 2323 4205 vitam
2343 4139 2648 4219 decoretis,
2668 4137 3257 4227 commilitonumque

851 4239 1185 4297 vestrorum
1213 4228 1252 4293 6.
1275 4224 1616 4304 rebellibus,
1647 4229 1825 4310 atque
1855 4226 2095 4312 perfidis
2123 4226 2367 4293 adversa
2385 4226 2626 4293 fortuna
2652 4225 2938 4304 Norrisis,
2968 4232 3031 4292 et
3057 4227 3253 4293 Buru-

856 4320 964 4406 ghi
1011 4324 1454 4406 peremptorum
1491 4318 1744 4377 mortem
1789 4312 2177 4379 ulciscamini.
2268 4312 2479 4385 Quid?
2567 4311 2899 4379 Audebunt
2943 4334 3022 4379 ne
3058 4314 3251 4381 insani

855 4428 1098 4493 corpore
1128 4402 1290 4469 nudo
1320 4422 1456 4466 cum
1487 4399 1744 4478 armatis,
1775 4420 1915 4465 cum
1944 4401 2085 4466 viris
2121 4402 2399 4487 corporis,
2429 4406 2493 4467 et
2518 4400 2701 4467 animi
2728 4398 2941 4465 robore
2968 4408 3253 4488 praestan·

853 4493 1100 4557 tissimis
1145 4486 1448 4575 congredi.
1536 4484 1799 4552 Demens
1830 4508 1942 4573 ego
1992 4488 2133 4569 sim,
2156 4488 2210 4554 si
2238 4494 2623 4575 conspectum
2665 4502 2928 4552 vestrum
2958 4490 3252 4555 sustinue-

857 4580 997 4657 rint,
1029 4584 1091 4645 et
1117 4578 1234 4642 nisi
1261 4574 1439 4641 hodie
1467 4578 1656 4639 totam
1701 4572 2013 4641 Ultoniam
2056 4574 2170 4640 sub
2205 4576 2423 4662 jugum
2450 4574 2720 4653 mittatis,
2752 4579 3060 4660 totamque
3088 4576 3255 4641 Iber·-

857 4666 1020 4730 niam
1077 4664 1297 4750 reginae
1341 4660 1652 4747 subigatis,
1679 4660 1913 4748 ipsique
1953 4662 2200 4749 ingente
2240 4662 2440 4749 praeda
2467 4661 2800 4746 potiamini.
2888 4660 3259 4729 Mementote

859 4757 1070 4816 vestris
1097 4750 1354 4829 virtutis,
1387 4749 1494 4835 qui
1521 4770 1616 4812 me
1666 4747 1820 4813 duce
1847 4748 2201 4815 Ardmachae
2230 4770 2405 4834 opem
2432 4746 2673 4826 tulistis,
2705 4746 2967 4815 O’Nello
2993 4770 3121 4816 non
3148 4752 3257 4817 mi·

860 4838 1022 4903 nima
1049 4843 1216 4923 parte
1243 4841 1571 4901 castrorum
1597 4833 1674 4899 ad
1701 4834 2029 4901 'I'umulmn
2078 4834 2305 4901 Album
2352 4841 2552 4901 exuto.
2638 4835 2741 4901 Ad
2790 4856 3123 4920 vesperum,
3153 4838 3255 4924 qui
