3634 5842
868 704 992 767 124
1317 700 1732 766 o'sumum
1777 720 2091 765 msronm
2133 719 2520 781 cunonem,
2562 722 2691 767 ‘ron
2711 720 2785 765 11.
2970 700 3125 784 [mn.
3159 720 3248 766 ιν.

862 874 972 939 ulli
1018 873 1331 950 secundus,
1384 873 1585 939 rhetor
1630 872 2112 959 eloquentissimo
2170 875 2387 959 cuique
2426 896 2551 961 par,
2580 873 2877 959 plerisque
2898 874 3259 958 jurisperitis

865 961 1150 1045 superior,
1227 960 1520 1045 theologis
1568 962 1773 1046 paucis
1824 960 2065 1025 inferior
2122 962 2391 1027 evaserit.
2505 961 2734 1026 Doctor
2789 961 2853 1025 in
2910 959 3256 1045 Theologifi,

867 1048 909 1111 J
912 1069 1134 1131 ureque
1163 1056 1416 1131 utroque
1445 1056 1676 1111 creatus
1705 1070 1893 1113 annos
1938 1054 2193 1131 quatuor
2220 1047 2381 1133 leges
2408 1047 2691 1113 Lovaniae
2720 1046 2959 1133 publice
2988 1047 3257 1112 dictavit.

866 1134 1022 1199 Inde
1072 1156 1210 1199 cum
1261 1135 1350 1199 vir
1399 1134 1683 1219 praeditus
1733 1134 1827 1199 his
1874 1134 2099 1199 artibus
2146 1135 2480 1220 conjunctis
2530 1156 2669 1199 cum
2711 1133 2960 1199 mirifica
3002 1134 3258 1219 quadam

865 1222 1073 1287 formoe
1124 1226 1369 1301 statura,
1401 1230 1464 1285 et
1513 1221 1696 1285 animi
1725 1222 2032 1305 gravitate,
2086 1228 2147 1285 et
2188 1222 2494 1305 majestate
2545 1242 2733 1285 annos
2780 1220 3008 1305 aliquot
3050 1220 3257 1285 Romae

865 1308 1101 1393 egisset,
1135 1307 1356 1393 dignus
1403 1307 1694 1393 Gregorio
1744 1307 1996 1373 Decimo
2023 1308 2201 1372 tertio
2242 1306 2524 1372 Pontifici
2554 1307 2823 1373 Maximo
2854 1304 3016 1372 visus
3046 1313 3155 1386 est,
3186 1318 3259 1371 ut

863 1395 1045 1460 sacris
1101 1393 1410 1459 ordinibus
1466 1394 1734 1459 initiatus
1790 1395 1857 1459 in
1914 1393 2145 1461 Casilioe
2202 1394 2734 1481 Archiepiscopum
2794 1400 3256 1460 consecraretur.

863 1480 1038 1547 Illico
1065 1482 1130 1547 in
1159 1479 1462 1547 Iberniam
1489 1480 1705 1547 redivit
1752 1480 2090 1567 delegatum
2118 1479 2233 1545 sibi
2274 1502 2495 1546 munus
2538 1480 2812 1546 obiturus
2853 1480 3257 1546 funestissima

862 1570 1069 1655 patriae
1119 1590 1243 1633 susc
1293 1574 1661 1654 tempestate,
1693 1571 1814 1655 qua
1862 1568 1991 1656 ejus
2040 1573 2271 1654 sceptro
2300 1565 2639 1653 potiebatur
2678 1566 3031 1633 Elizabetha
3054 1566 3261 1632 'Pudor

866 1656 1104 1741 Angliae
1149 1655 1354 1741 regina
1403 1677 1526 1720 non
1570 1654 1749 1721 modo
1799 1656 2037 1720 haeresis
2085 1656 2403 1720 teterrimae
2430 1654 2529 1719 lue
2577 1654 2811 1741 injecta,
2842 1654 2947 1719 sed
2976 1654 3258 1719 acerrima

668 1738 788 1805 [101
804 1741 849 1807 ·]
861 1743 999 1807 fidei
1027 1742 1368 1821 Catholicae,
1413 1764 1712 1807 sacrorum
1741 1742 2173 1829 episcoporum,
2205 1749 2267 1841 et
2294 1740 2666 1806 sacerdotum
2694 1742 2902 1841 hostis.
2915 1744 2941 1824 ΙΙ
3016 1740 3243 1840 Princi-

861 1828 2447 2001 {1¹3ffinffifflffiffissgguffififfig3223}ssss
2478 1828 3258 2001 332¹332¹1¹¹ffl12¹223

855 2005 975 2088 jam
1009 2002 1401 2081 extinxerant,
1433 2002 1538 2069 sed
1565 2010 1627 2067 et
1654 2003 1738 2080 hi,
1769 2003 1874 2088 qui
1942 2003 2161 2067 bernioe
2182 2009 2509 2088 praeerant:
2556 2002 2663 2068 ubi
2682 2000 2980 2087 indigenas
3000 2001 3064 2065 in
3087 2000 3253 2066 hunc

860 2112 1052 2174 usque
1082 2088 1240 2153 diem
1267 2110 1377 2174 pro
1405 2088 1644 2153 Christo
1663 2094 1925 2154 extrema
1942 2090 2337 2175 perpetientes
2366 2088 2753 2154 reluctantur.
2842 2087 3253 2153 Nihilominus

810 2228 819 2235 .
858 2175 1356 2261 Archiepiscopus
1385 2181 1588 2239 noster
1615 2196 1850 2240 summo
1879 2176 2100 2253 labore,
2130 2184 2191 2240 et
2234 2175 2433 2240 studio
2480 2196 2603 2241 suae
2625 2175 3055 2261 jurisdictionis
3235 2175 3249 2188 “

857 2261 1291 2328 administravit
1319 2268 1699 2341 sacramenta,
1720 2268 1780 2326 et
1809 2262 2181 2348 evangelium
2209 2261 2454 2326 Domini
2485 2262 2785 2348 expandit,
2809 2284 3015 2328 omnes
3042 2263 3109 2326 in
3136 2261 3175 2325 fi
3218 2284 3253 2326 e

858 2348 1233 2427 confir-mane,
1285 2348 1591 2413 biennium
1651 2349 1776 2414 fere
1834 2349 1909 2414 ab
1967 2348 2185 2433 Anglis
2240 2348 2461 2413 frustra
2516 2348 2837 2433 inquisitus
2895 2347 3251 2415 Ibernorum

857 2458 1054 2521 opera,
1085 2442 1146 2499 et
1174 2435 1290 2501 fide
1317 2442 1641 2521 prote-ctus,
1673 2434 2052 2504 saecularibus
2096 2434 2381 2514 vestibuS,
2413 2434 2631 2521 quibus
2659 2456 2990 2522 personam,
3020 2441 3083 2500 et
3108 2457 3249 2501 con-

858 2522 1144 2588 ditionem
1175 2521 1600 2602 dissimulabat,
1645 2522 1895 2587 indutus
1930 2521 2453 2608 (quemadmodum
2490 2524 2687 2587 caeteri
2715 2544 2953 2608 quoque
2981 2522 3248 2588 sacerdo-

855 2616 948 2674 tes
977 2611 1042 2675 in
1069 2608 1334 2692 Ibernia,
1363 2611 1583 2690 Sectis,
1614 2617 1675 2675 et
1719 2610 1945 2695 Anglia
1992 2611 2057 2674 in
2107 2616 2459 2695 praesentem
2508 2630 2699 2695 usque
2742 2610 2900 2674 diem
2940 2608 3247 2687 incedunt,

901 2702 1174 2782 ostquam
1202 2696 1540 2782 Anglorum
1567 2719 1778 2783 regum
1824 2698 1990 2762 furor
2030 2697 2096 2761 in
2138 2696 2466 2762 Ecclesiam
2524 2694 2747 2761 Christi
2778 2694 2819 2759 J
2821 2717 2928 2761 esu
2956 2695 3242 2779 exardet.)

855 2719 1077 2849 Evenit
1123 2784 1396 2870 denique,
1447 2791 1520 2849 ut
1568 2784 1635 2849 in
1687 2782 1889 2849 Slania
1930 2783 2191 2862 castello,
2222 2791 2283 2847 et
2326 2781 2651 2868 municipio
2700 2783 2945 2848 Thomae
2973 2782 3251 2868 Fleming

859 2870 1114 2936 Baronis
1143 2871 1347 2956 Anglo
1375 2869 1602 2949 Iberni,
1633 2869 1792 2958 apud
1825 2892 2001 2956 quem
2030 2894 2101 2936 eo
2153 2870 2248 2935 die
2277 2870 2777 2956 Archiepiscopus
2826 2869 3249 2948 diversabatur,

861 2980 1060 3021 coram
1090 2956 1354 3022 Roberto
1383 2957 1644 3039 Dillone,
1675 2956 1901 3021 Coclite
1938 2957 2184 3043 Beginae
2220 2956 2423 3041 judice
2469 2957 2627 3021 inter
2676 2956 3026 3021 caenandum
3053 2957 3250 3041 gravis

861 3044 1109 3129 quaestio
1157 3043 1336 3107 fuerit
1385 3045 1656 3109 excitata.
1746 3043 1828 3107 In
1877 3046 1997 3129 qua
2044 3044 2308 3109 haeretici
2357 3065 2525 3109 suam
2575 3042 2825 3129 quisque
2896 3044 3251 3109 sententiam

857 3128 1166 3193 licentiose
1195 3129 1459 3194 dicentes
1487 3129 1558 3193 eb
1598 3130 1855 3195 ‘insaniae
1904 3135 2339 3216 processerunt,
2366 3136 2441 3193 ut
2467 3128 2815 3216 Dermysius
2844 3131 2950 3214 qui
2975 3129 3251 3195 interfuit

859 3215 966 3280 diu
994 3216 1232 3294 tacitus,
1260 3236 1340 3280 ne
1391 3238 1454 3280 se
1531 3216 1784 3294 roderet,
1813 3216 2059 3281 tandem
2103 3223 2303 3281 tamen
2353 3237 2481 3281 non
2524 3216 2787 3301 potuerit
2826 3216 2977 3281 ferre
3023 3215 3248 3281 deliria.

857 3301 1073 3387 Itaque
1116 3303 1235 3387 qua
1260 3302 1379 3366 fuit
1405 3238 1610 3367 vultus
1639 3304 2020 3382 authoritate,
2051 3304 2285 3367 summa
2312 3302 2667 3388 eloquentia,
2698 3310 2761 3367 et
2804 3303 3094 3381 doctrina,
3124 3303 3247 3367 hae-

852 3389 1170 3454 reticorum
1222 3411 1373 3454 vana
1417 3389 1641 3475 judicia
1684 3389 1857 3471 facile
1902 3389 2233 3455 confutavit
2275 3412 2494 3475 magna
2542 3391 2808 3455 omnium
2838 3390 3246 3456 admiratione.

855 3475 1035 3541 Unde
1063 3475 1270 3541 Dinon
1291 3475 1479 3562 judex
1529 3477 1873 3564 conjectura
1916 3476 2229 3555 adductus,
2257 3483 2329 3542 ut
2356 3475 2474 3542 sibi
2514 3476 2892 3563 persuaderet
2918 3476 3088 3543 illum
3118 3498 3247 3542 esse

847 3563 1174 3715 {ffiffld
1181 3562 1824 3716 fflifflffihffi
1843 3562 2632 3716 91¹3ssssssssssssssssssssssss
2632 3563 3092 3716 ffliffiffi
3117 3586 3245 3715 ‘33²¹

848 3736 1096 3823 loppum
1127 3758 1427 3803 summum
1449 3744 1804 3823 quaestorem
1854 3736 2108 3823 Anglos,
2153 3760 2337 3824 penes
2381 3760 2531 3823 quos
2580 3701 2751 3823 regni
2809 3738 3241 3804 administratio

847 3834 992 3903 erat,
1023 3846 1271 3911 protege
1313 3823 1574 3890 absente.
1665 3823 1755 3890 Hi
1802 3824 2048 3891 Thomoe
2095 3824 2319 3889 Baroni
2346 3824 2579 3911 magnis
2606 3825 2797 3911 poenis
2824 3826 3138 3924 imperant,
3166 3830 3241 3888 ut

847 3912 1376 3997 Archiepiscopum
1422 3912 1692 3977 vinctum
1740 3912 1819 3976 ad
1872 3912 2036 3999 ipsos
2093 3912 2314 3977 mittat.
2430 3910 2681 3976 Interim
2740 3912 3241 3997 Arclnepiscopus

848 3998 1050 4063 Slanis
1093 3997 1394 4083 profectus
1439 4021 1476 4061 a
1522 3998 1778 4078 Barone,
1826 4009 1888 4064 et
1936 3999 2115 4083 regiis
2160 3998 2447 4063 ministris
2490 3998 2555 4063 in
2598 3998 2955 4085 Rupesiurio
2998 3996 3243 4063 castello

849 4082 1312 4171 deprehenditur
1339 4106 1498 4149 anno
1531 4086 1720 4163 1583,
1765 4106 1969 4149 mense
2017 4085 2348 4171 Septembri
2387 4085 2548 4171 apud
2573 4085 2864 4151 Thomam
2890 4084 3237 4151 Buttlerum

844 4178 1240 4257 cognomento
1288 4169 1550 4256 Nigrum
1597 4170 1905 4235 Urmoniae
1954 4170 2269 4252 Comitem,
2328 4174 2431 4257 qui
2479 4194 2638 4257 egre,
2680 4178 2743 4237 et
2768 4173 2975 4257 iniquo
3034 4172 3235 4237 animo

843 4282 1044 4324 casum
1075 4256 1236 4336 tulit,
1268 4264 1675 4341 quantumque
1723 4258 1923 4343 potuit
1962 4260 2173 4344 postea
2219 4259 2540 4338 insudavit,
2588 4268 2658 4323 ut
2702 4258 3013 4344 praesulem
3045 4259 3236 4324 carni-

841 4346 1021 4409 ficum
1071 4344 1347 4409 manibus
1396 4345 1666 4429 eriperet,
1714 4350 2107 4431 praeterquam
2153 4346 2314 4431 quod
2364 4368 2526 4411 arma
2566 4368 2691 4410 non
2739 4345 3018 4431 suscepit,
3070 4346 3237 4410 utin

842 4432 1019 4496 simili
1069 4440 1290 4495 eventu
1317 4430 1543 4511 debuit,
1581 4440 1643 4497 et
1670 4431 1869 4497 forsan
1898 4432 2152 4511 fecisset,
2182 4433 2299 4498 nisi
2326 4432 2671 4497 Protestaus
2700 4438 2893 4497 esset:
2940 4431 3233 4517 siquidem

839 4517 1102 4601 reliquus
1132 4518 1298 4583 labor
1348 4524 1473 4583 erat
1519 4520 1731 4585 inanis.
1821 4520 2092 4584 Antistes
2134 4521 2199 4584 in
2226 4521 2395 4604 regni
2422 4520 2751 4605 principem
2778 4518 2987 4584 urbem
3016 4517 3237 4583 Dubh-

838 4602 1066 4667 linnam
1116 4604 1329 4669 allatus
1374 4606 1594 4671 multos
1642 4606 1764 4671 dies
1811 4607 1971 4684 caeci,
2002 4607 2259 4691 tetrique
2288 4607 2531 4670 carceris
2574 4604 2853 4685 tenebris,
2900 4612 2961 4671 et
3001 4605 3231 4683 faetore,

837 4690 1208 4773 vinculisque
1237 4698 1482 4755 vexatur
1526 4715 1715 4779 usque
1745 4692 1820 4757 ad
1863 4692 2031 4757 illum
2054 4693 2354 4777 sequentis
2383 4694 2523 4759 anui
2552 4693 2728 4770 diem,
2761 4694 2864 4778 qui
2893 4692 3233 4758 Dominicoe

840 4798 1018 4841 caenae
1048 4777 1287 4841 nomine
1337 4777 1684 4859 celebratur,
1716 4797 1838 4864 quo
1865 4780 1983 4845 fuit
2012 4779 2172 4845 hunc
2201 4780 2263 4844 in
2294 4778 2537 4845 modum
2568 4778 2642 4845 ab
2674 4779 2963 4845 haereticis
2990 4779 3235 4867 impug-
