3634 5842
387 716 524 760 cu.
555 696 727 780 v111.]
1101 716 1386 763 menum
1427 718 1546 763 sus
1589 718 2007 765 suzanna-m.
2652 703 2771 766 101

385 868 632 935 Giraldo
659 868 1069 955 posthabitum
1098 870 1342 957 Anglici
1369 872 1548 937 etiam
1578 871 1808 937 consilii
1831 871 2059 958 judicio
2088 874 2266 937 causa
2294 872 2575 939 cecidisse
2612 880 2777 940 tenet

381 956 558 1034 fama,
585 957 721 1043 jure
747 979 826 1023 ne
855 979 932 1022 an
981 956 1220 1043 injuria,
1249 979 1374 1023 non
1403 966 1494 1024 est
1523 958 1702 1044 hujus
1729 958 1850 1024 loci
1878 958 2203 1044 disputare.

469 1041 680 1130 Hujus
721 1042 960 1109 familiae
1004 1044 1350 1126 dominatio,
1393 1046 1778 1132 potentiaque
1825 1053 1889 1111 et
1936 1045 2275 1130 Anglorum
2322 1070 2533 1133 regum
2576 1047 2774 1114 indul-

383 1130 589 1215 gentis
637 1135 700 1197 et
759 1130 926 1197 illata
973 1130 1324 1197 creberrime
1371 1133 1584 1197 vicinis
1629 1130 1869 1213 in‘uri'a,
1922 1156 1994 1197 eo
2042 1132 2394 1199 incrementi
2442 1142 2503 1201 et
2552 1135 2777 1220 fastigii

384 1216 548 1281 brevi
595 1224 798 1283 evecta
843 1224 952 1298 est,
983 1225 1052 1285 ut
1097 1218 1172 1285 ab
1217 1218 1434 1305 Anglis
1483 1220 1630 1307 ipsis
1743 1221 2025 1285 esmoniae
2066 1240 2267 1285 comes
2310 1242 2562 1307 magnus
2593 1222 2777 1289 cliens

382 1312 862 1406 nuncuparetun
907 1306 1214 1406 etsi-enim·
1235 1308 1426 1407 magis
1441 1305 1668 1406 viribus
1687 1306 1993 1459 polle-bant
2014 1306 2288 1371 nonnulli
2314 1316 2543 1374 veteres
2571 1308 2779 1409 Iberni

379 1392 1695 1565 &fflffigsssffififfifflssssissfft
1741 1394 2412 1565 “tzussssffjzssffl
2426 1394 2777 1567 3353&

381 1564 710 1631 multorum
741 1566 946 1633 odium
973 1568 1310 1647 comitatur,
1341 1568 1427 1634 ita
1453 1590 1594 1633 cum
1641 1566 1756 1632 hnc
1783 1566 2013 1632 familia
2039 1566 2307 1631 finitimis
2337 1567 2550 1653 ingens
2579 1568 2777 1635 inimi-

379 1651 520 1717 citia
549 1660 609 1717 et
638 1653 934 1719 hostilitas
959 1654 1309 1733 intercessit,
1337 1652 1592 1719 maxime
1619 1652 1989 1741 principibus
2028 1652 2420 1734 Clancarrhae,
2450 1652 2775 1737 Tomonioe,

381 1738 682 1820 Muscriae,
714 1742 815 1826 qui
863 1740 1110 1827 injurias
1160 1748 1428 1827 acceptas
1458 1764 1493 1806 a
1521 1740 1866 1820 Giraldinis,
1898 1747 1960 1806 et
1986 1742 2085 1807 An
2127 1740 2225 1805 liae
2252 1762 2487 1807 coronae
2516 1740 2776 1807 militan-

381 1824 542 1891 tibus
571 1834 634 1891 et
650 1828 946 1913 privatum
963 1828 1334 1893 dominatum
1353 1826 1730 1914 augentibus,
1743 1828 2097 1913 propaganti
2137 1847 2332 1914 usque
2344 1826 2773 1894 memorabant.
2864 1834 2869 1839 ’

381 1911 480 1979 Ob
509 1913 572 1979 id
601 1937 672 1979 ea
697 1914 941 1999 quidem
967 1914 1245 1981 extiterat
1294 1915 1618 1993 contentio,
1649 1916 1771 1999 qua
1817 1936 1995 1979 cruor
2020 1914 2247 1980 acerbis
2276 1915 2429 1979 odiis
2458 1914 2771 1981 affluenter

377 2000 660 2087 utrinque
704 2002 924 2068 effusus
977 2002 1215 2067 horrida
1263 2024 1424 2068 arma
1475 2024 1630 2088 soepe
1679 2002 1881 2067 tinxit.
1988 2000 2205 2087 Neque
2252 2006 2423 2067 erant
2474 2000 2771 2069 Giraldini

377 2088 577 2155 minus
603 2089 782 2155 invisi
809 2086 1016 2154 multis
1061 2090 1242 2155 etiam
1283 2090 1456 2155 novis
1485 2088 1722 2155 Ibernis
1751 2087 2093 2175 proceribus
2123 2111 2198 2153 ex
2225 2088 2451 2175 Anglia
2478 2089 2771 2175 originem

378 2175 748 2241 trahentibus
775 2203 788 2241 ε
835 2175 910 2243 ab
962 2175 1270 2243 Urmonioe
1317 2178 1554 2255 comite,
1599 2176 1880 2261 omnique
1928 2173 2051 2241 fere
2099 2172 2511 2241 Buttlerorum
2557 2197 2774 2262 genere

377 2261 516 2327 odio
565 2262 910 2349 inexpiabili
957 2262 1348 2329 habebantur.
1433 2261 1740 2329 Nimirum
1785 2284 1869 2328 sae
1985 2262 2265 2347 utrinque
2296 2262 2371 2327 de
2439 2261 2609 2341 lotia,
2638 2262 2770 2329 fini-

377 2346 489 2413 bus
517 2369 794 2435 agrorum
822 2350 1126 2436 regundis,
1148 2358 1210 2417 et
1231 2349 1557 2417 tributariis
1585 2350 1879 2416 exactioni
1920 2371 1994 2413 us
2020 2349 2137 2414 fuit
2164 2350 2377 2414 acriter
2450 2349 2462 2362 ‘
2526 2352 2770 2429 icatum,

373 2434 615 2521 regibus
643 2438 820 2502 etiam
849 2436 1088 2522 Angliae
1136 2436 1610 2515 conniventibus,
1639 2438 1706 2502 in
1733 2436 2045 2520 utriusque
2112 2436 2362 2520 rosapiae
2388 2457 2524 2520 quae
2550 2435 2773 2502 Catho-

371 2522 488 2587 lica
513 2527 640 2589 erat
661 2524 1007 2621 perniciem,
1037 2524 1140 2609 qui
1167 2532 1368 2589 tamen
1411 2522 1668 2589 Iberniae
1717 2458 2187 2609 gubernaculpum
2214 2528 2486 2587 tenentes
2515 2522 2631 2589 hoc
2658 2524 2771 2589 rei-

371 2608 630 2693 publicae
657 2608 1000 2674 incendium
1036 2608 1304 2676 inhibere
1335 2608 1678 2675 debuerant.
1767 2608 1986 2693 Neque
2014 2607 2307 2673 chariores
2336 2628 2771 2694 saepe-numero

371 2701 546 2759 erant
573 2694 871 2761 Giraldini
895 2694 1181 2761 Lacsnase
1231 2696 1459 2773 baroni,
1507 2716 1686 2779 quem
1735 2694 1917 2759 etiam
1960 2716 2035 2759 ex
2078 2694 2527 2761 Giraldinorum
2555 2718 2771 2783 genere

372 2803 505 2847 esse
533 2780 709 2847 multi
735 2780 1068 2867 perhibent.
2722 2776 2731 2789 '

464 2868 648 2939 Quod
695 2866 772 2933 ad
815 2868 1161 2934 institutum
1247 2888 1465 2933 roesens
1515 2867 1748 2945 attinet,
1793 2866 1839 2930 J
1840 2864 2104 2933 ohannes
2148 2865 2493 2933 Giraldinus
2522 2868 2773 2935 Comitis

377 2954 610 3021 Giraldi
657 2956 858 3034 frater,
909 2962 1194 3041 regnante
1206 2890 1590 3033 {Elisabethffi
1636 2952 1678 3019 J
1679 2952 1978 3019 ohannem
2022 2952 2369 3019 Buttlerum
2398 2954 2603 3040 praelio
2630 2977 2769 3040 pro-

375 3042 652 3129 pulsavit,
684 3050 746 3107 et
774 3042 1115 3109 adolescens
1165 3041 1290 3107 suis
1335 3040 1611 3107 manibus
1661 3040 1947 3106 occidit*
2035 3040 2217 3111 Quod
2268 3049 2330 3107 et
2356 3042 2647 3128 majorum
2676 3042 2768 3107 in-

370 3130 559 3215 jurias
585 3129 831 3195 minime
860 3129 1084 3195 oblitus
1113 3130 1260 3212 est,ss
1313 3128 1495 3195 occisi
1543 3129 1724 3194 frater
1751 3126 2012 3194 Thomas
2060 3127 2372 3193 Buttlerus
2414 3130 2769 3215 cognomine
2792 3146 2939 3218 [ez]

375 3216 568 3303 Niger
597 3214 904 3283 Urmoniae
919 3238 1138 3296 comes,
1155 3216 1440 3301 religione
1469 3215 1837 3297 Protestans,
1868 3216 2089 3302 quippe
2120 3216 2223 3301 qui
2248 3215 2317 3280 in
2456 3216 2502 3280 's
2530 3216 2771 3303 Angliae

374 3304 511 3369 uult.
537 3304 824 3371 educatus
853 3312 964 3384 est,
995 3304 1108 3370 etsi
1159 3310 1359 3369 tamen
1407 3303 1520 3369 sub
1567 3309 1819 3369 mortem
1872 3325 2193 3369 conversus
2243 3310 2335 3368 est
2469 3302 2668 3383 fidem,
2698 3312 2770 3369 ut

370 3391 620 3459 inferius
647 3390 1011 3457 monstrabo.
1099 3389 1165 3457 Is
1195 3392 1334 3457 cum
1361 3390 1750 3457 intellexisset
1779 3389 2097 3457 Giraldum
2126 3390 2405 3456 comitem
2434 3412 2564 3455 esse
2608 3392 2673 3455 in
2700 3412 2771 3457 ea

371 3477 575 3544 Desiae
603 3486 790 3565 parte,
820 3501 955 3565 quae
984 3478 1230 3565 propius
1257 3478 1334 3545 ad
1363 3477 1718 3544 Urmoniam
1745 3480 1961 3563 vergit,
1990 3476 2219 3563 paucis,
2264 3478 2617 3543 comitatum
2644 3498 2768 3542 ma-

367 3566 558 3651 jorem
587 3565 846 3631 militum
873 3586 1120 3630 manum
1147 3571 1335 3651 parat,
1363 3564 1534 3629 illum
1573 3588 1650 3631 ue
1685 3564 2094 3630 circumvenit.
2164 3562 2445 3628 Giraldus
2474 3564 2588 3628 etsi
2612 3562 2768 3628 mili-

369 3665 504 3717 tum
533 3674 780 3718 numero
809 3651 987 3739 longe
1015 3652 1131 3716 fuit
1175 3651 1436 3732 inferior,
1465 3674 1524 3717 m
1587 3652 1676 3716 uit
1723 3658 1927 3715 tamen
1954 3650 2159 3735 praelio
2188 3650 2369 3734 quam
2397 3649 2557 3734 fugae
2607 3671 2768 3715 com-

369 3740 606 3805 mittere
636 3738 904 3806 salutem.
994 3736 1290 3803 Caeterum
1318 3738 1586 3824 paucitas
1615 3736 1690 3802 ab
1734 3736 2199 3802 adversariorum
2242 3734 2629 3799 multitudine
2658 3738 2767 3801 cir-

370 3825 650 3892 cumdata
677 3827 952 3892 vincitur.
1041 3824 1183 3911 Ipse
1212 3824 1493 3890 Giraldus
1519 3824 1672 3911 pede
1700 3830 1943 3907 accepto
1969 3821 2214 3887 vulnere
2241 3820 2525 3907 plumbea
2550 3821 2768 3906 glande

369 3910 690 3979 fortissime
717 3912 990 4000 praelians
1019 3911 1320 3976 sternitur.
1432 3910 1532 3975 Ita
1557 3910 1634 3975 ab
1650 3908 1945 3974 Urmonio
1962 3916 2173 3993 captus
2194 3908 2271 3973 ad
2298 3908 2769 3974 Anthamamum

370 4000 634 4073 vadum†
685 4000 892 4065 sedula
939 3998 1306 4064 medicorum
1355 4000 1535 4083 opera
1577 4002 1853 4061 curatur:
1902 3996 2005 4081 qui
2047 4004 2247 4059 tamen
2276 4016 2401 4060 non
2436 4002 2581 4059 sunt
2606 4018 2763 4061 asse-

371 4088 514 4166 cuti,
545 4110 624 4153 ne
652 4108 882 4174 semper
910 4092 1115 4173 postea
1141 4106 1350 4185 parum
1381 4082 1754 4149 claudicaret.
1842 4081 2098 4148 Curatus
2113 4082 2178 4146 in
2197 4081 2479 4169 Angliam
2508 4082 2768 4147 mittitur

371 4174 446 4240 ad
475 4174 762 4260 reginam,
794 4196 928 4259 quae
953 4172 1126 4238 illum
1151 4195 1218 4237 ιιι
1246 4170 1592 4237 Londinum
1641 4174 1875 4252 arcem1
1924 4169 2179 4255 conjecit
2224 4170 2441 4255 partim
2470 4169 2671 4254 gavisa
2701 4192 2763 4235 se

439 4362 464 4388 ⁶
505 4358 733 4431 shortly
757 4357 900 4412 after
925 4356 1020 4411 the
1043 4372 1174 4427 year
1204 4356 1360 4420 1560,
1399 4350 1698 4423 according
1719 4360 1780 4405 to
1824 4350 2083 4405 Dominio
2110 4350 2347 4423 O'Daly.
2432 4347 2763 4413 Ger-aldim,

369 4434 696 4573 psskffme
721 4517 791 4554 on
814 4500 908 4553 the
924 4496 1290 4559 Blackwater‚
1305 4504 1415 4549 two
1427 4492 1584 4547 miles
1601 4492 1772 4546 below
1791 4492 2134 4564 Cappcquin.
2170 4492 2317 4548 ΑΛ).
2352 4491 2503 4544 1565.
2540 4488 2676 4545 Feb.
2706 4494 2753 4547 1.

373 4575 522 4628 Fom-
545 4573 797 4626 Masters.
873 4570 1012 4625 Oox.

443 4648 474 4713 ἵ
507 4644 655 4699 A.D.
699 4646 848 4697 1565.
919 4642 1069 4695 Fom-
1118 4638 1344 4693 Manere
1359 4661 1379 4698 ,·
1415 4634 1540 4688 who
1581 4641 1740 4697 state,
1785 4634 2057 4695 however,
2099 4633 2223 4687 that
2246 4632 2315 4687 he
2356 4632 2621 4687 returned
2662 4632 2759 4687 the

367 4734 530 4841 ⁸1}th
551 4714 852 4841 51:³⁸¹.de
870 4730 1026 4837 ‘aaz‘
1150 4710 1164 4723 ’
1185 4706 1696 4835 ιιιια.1ι3ιιιιξι·ἰεοιιοι·
1734 4712 1794 4759 at
1838 4702 2173 4759 Kilmallock
2214 4704 2273 4759 in
2314 4702 2467 4767 1⁵67,
2490 4702 2635 4757 after
2662 4703 2752 4760 st.

423 4806 460 4841 a
533 4789 646 4841 c’s
739 4801 886 4856 jum
1011 4800 1057 4837 is
1119 4798 1184 4836 ro
1249 4798 1310 4835 er
1373 4798 1407 4834 o
1485 4816 1502 4832 .
