3634 5842
886 754 1009 819 146
1337 752 1749 817 o'sutmvam
1791 768 2109 817 urs-roam
2153 767 2539 827 cunonem,
2580 767 2734 815 rou.
2778 767 2883 813 111.
3016 749 3177 833 [un.
3208 770 3255 814 1.

883 923 1361 1011 praeterenndum
1410 923 1572 988 aliud
1636 923 2103 989 Protestantium
2154 928 2589 1009 stratagemma,
2662 922 2769 1009 qui
2822 921 3269 987 catholicorum

885 1034 1078 1097 agros,
1111 1011 1448 1097 municipia,
1471 1018 1718 1095 segetes,
1750 1017 2033 1097 armenta,
2064 1011 2239 1089 ferre,
2268 1010 2622 1095 flammaque
2680 1009 3154 1095 corrumpebant,
3200 1015 3273 1073 ut

888 1120 1038 1185 quos
1069 1097 1288 1163 virtute
1313 1119 1592 1182 superare
1635 1120 1758 1163 non
1802 1103 2101 1183 poterant,
2146 1097 2321 1176 fame,
2372 1102 2433 1161 et
2477 1096 2675 1162 inedia
2722 1097 3046 1175 vincerent,
3076 1116 3273 1180 neque

889 1207 1132 1251 suorum
1156 1184 1395 1269 quidem
1423 1184 1902 1263 Provincialium,
1933 1184 2026 1251 vel
2058 1184 2411 1249 Ibernorum
2454 1182 2727 1249 factionis
2755 1182 3026 1268 Anglieoe
3052 1182 3273 1247 finibus

887 1271 1192 1337 interdum
1233 1278 1560 1357 parcentes,
1590 1271 1977 1350 frumentum,
2026 1278 2087 1335 et
2138 1277 2471 1336 armentum
2519 1269 2978 1347 intervertendO,
3009 1276 3071 1335 et
3118 1270 3271 1355 agri-

891 1358 1184 1423 culturam
1214 1357 1606 1444 prohibend0,
1645 1380 1722 1422 ne
1751 1364 2115 1423 commeatus
2159 1364 2333 1437 esset,
2365 1379 2482 1443 quo
2512 1356 2803 1423 Catholici
2832 1356 3008 1443 potiti
3050 1356 3275 1421 bellum

891 1450 1180 1532 gererent.

976 1532 1193 1596 Ahena
1247 1537 1489 1596 moneta
1547 1531 1768 1616 reginae
1819 1532 1994 1617 jussu
2052 1553 2269 1597 excusa
2326 1531 2587 1597 mittitur
2634 1530 2701 1595 in
2764 1529 3065 1595 Iberniam
3116 1552 3273 1595 anno

893 1618 1128 1697 1601‚⁴÷
1157 1638 1276 1702 qua
1321 1618 1536 1703 partim
1580 1618 1786 1703 regina
1836 1617 2221 1685 facultatibus
2271 1617 2639 1703 consumptis
2690 1618 3009 1682 exercitum
3060 1616 3275 1697 alebat,

929 1706 1100 1771 artim
1131 1704 1469 1769 Ibernicum
1503 1726 1732 1783 aurum,
1765 1711 1827 1769 et
1876 1710 2189 1789 argentum
2235 1713 2327 1769 est
2356 1710 2712 1791 surreptum.
2802 1704 2955 1775 Quae
2984 1702 3163 1768 simul
3204 1726 3274 1769 ac

886 1728 1114 1857 bellum
1167 1798 1259 1856 est
1300 1792 1658 1857 confectum.
1707 1791 1859 1856 nihil
1908 1791 2101 1856 valere
2146 1792 2322 1877 caepit
2372 1814 2589 1877 magna
2619 1791 2850 1877 jactura
2898 1790 3273 1869 Ibernorum,

889 1880 1069 1944 etiam
1119 1878 1572 1943 tributariorum
1603 1878 1844 1963 reginae,
1873 1877 2129 1943 maxime
2157 1884 2569 1943 mercatorum.
2660 1876 2901 1964 Quippe
2928 1900 3275 1963 persuasum

887 1965 1226 2032 habuerunt
1253 1971 1648 2051 protestantes
1685 1986 1993 2051 nunquam
2046 1965 2375 2030 finiendum
2416 1965 2599 2031 fuisse
2642 1963 2983 2029 Ibernicum
3029 1962 3273 2043 belluni,

889 2052 1034 2119 dum
1063 2052 1299 2117 Ibernis
1327 2058 1690 2117 commeatus
1719 2058 2080 2138 suppeteret,
2109 2052 2204 2116 vel
2232 2074 2463 2133 aurum,
2494 2058 2556 2117 et
2590 2058 2922 2137 argentum,
2956 2072 3075 2136 quo
3102 2050 3273 2116 illum

889 2145 1334 2225 compararent:
1380 2139 1664 2204 exercitui
1689 2160 1832 2203 vero
1862 2161 1971 2203 suo
1994 2138 2276 2224 Angliam
2302 2138 2525 2205 victum
2558 2138 3092 2225 suppeditaturum.
3156 2137 3277 2202 1:1ae

889 2247 1083 2291 causae
1142 2226 1403 2304 fuerunt,
1437 2224 1821 2309 quamobrem
1878 2231 2047 2290 tanta
2102 2226 2192 2290 vis
2249 2224 2606 2291 Ibernorum
2662 2248 2991 2312 pauperum
3048 2231 3279 2290 exteras

891 2318 1119 2397 gentes,
1143 2310 1397 2377 maxime
1431 2312 1808 2398 Hispaniam,
1840 2318 1903 2377 et
1932 2312 2187 2378 Galliam
2216 2312 2613 2379 inundaverit.

1914 2748 2098 2816 CAP.
2147 2748 2227 2813 V.

1147 2916 1375 2973 lbernos
1399 2932 1508 2969 non
1533 2924 1646 2971 tam
1671 2916 1742 2971 ab
1767 2917 1985 2990 Anglis,
2008 2935 2175 2991 quam
2198 2918 2335 2975 alios
2356 2918 2425 2973 ab
2450 2918 2569 2975 aliis
2592 2934 2708 2973 esse
2734 2917 2992 2975 devictos.

890 3092 1018 3157 H1s
1047 3092 1216 3157 melis
1268 3087 1546 3157 omnibus
1595 3098 1843 3177 possent
1890 3092 2184 3158 Catholici
2228 3094 2593 3159 curationem
2638 3093 2969 3173 admovere,
3002 3095 3121 3159 nisi
3160 3095 3279 3161 alio

887 3179 1116 3265 majori,
1147 3184 1208 3243 et
1255 3178 1542 3276 intestino
1588 3178 1798 3278 morbo
1848 3180 2103 3278 confecti
2152 3181 2393 3279 penitus
2434 3180 2787 3280 delerentur.
2876 3180 3059 3252 Quod
3084 3182 3279 3268 plero-

889 3263 2324 3450 Hssss‘ssssssussff‘ffssffifflfifflssffiz1332}ss
2348 3266 3279 3436 cssffaffr‘ssiffioffiafflfiffi

887 3438 988 3505 ahi
1017 3438 1164 3504 alios
1195 3438 1394 3517 duces,
1425 3444 1604 3523 atque
1635 3438 1909 3504 dominos
1938 3440 2014 3505 de
2069 3442 2425 3527 principatu,
2458 3448 2520 3506 et
2548 3441 2967 3507 dominationis
2990 3443 3125 3528 jure
3154 3466 3277 3509 cer·-

887 3531 1082 3591 tantoe
1112 3526 1319 3590 secuti.
1407 3524 1684 3595 Quorum
1711 3526 1911 3590 minus
1939 3533 2211 3612 potentes
2239 3528 2576 3614 Anglorum
2618 3534 2815 3615 partes
2844 3530 3275 3614 amplecteban-

887 3620 988 3677 tur
1019 3634 1122 3697 spe
1153 3612 1462 3677 obtinendi
1490 3612 1820 3698 principem
1848 3612 2048 3678 locum
2074 3614 2141 3679 in
2166 3616 2407 3679 familiis
2436 3616 2579 3693 suis,
2604 3616 2655 3679 si
2681 3615 2979 3702 principes
3008 3614 3275 3683 domina-

886 3699 1070 3779 tione,
1089 3700 1542 3785 principatuque
1563 3698 1969 3780 deturbarent,
1994 3724 2159 3787 spem
2176 3701 2340 3767 illam
2360 3702 2579 3854 Anglis
2596 3702 2829 3769 callidci
2849 3702 3271 3789 praebentibus.

886 3784 1087 3871 Igitur
1136 3787 1404 3852 homines
1451 3786 1768 3872 improvidi
1819 3788 2077 3872 privatas
2134 3810 2341 3855 causas
2396 3810 2479 3873 pu
2522 3789 2653 3855 licae
2710 3789 3039 3855 defensioni
3096 3814 3276 3857 sacrae

885 3872 1058 3938 Fidei
1104 3879 1534 3959 proeponemzoe,
1568 3874 1712 3938 dum
1741 3896 1778 3939 a
1805 3875 2183 3961 magnatibus
2226 3874 2567 3955 Catholicis,
2598 3877 2911 3955 sociorum,
2943 3877 3273 3957 clientium,

885 3961 1256 4046 municipum
1302 3961 1530 4025 animos
1576 3960 1937 4041 avertebant,
1978 3961 2052 4027 ad
2102 3961 2337 4047 Anglos
2385 3984 2631 4049 magnas
2680 3964 2832 4028 vires
2882 3965 3272 4045 conferentes,

885 4047 1047 4131 quod
1075 4047 1410 4124 voluerunt,
1442 4070 1566 4111 non
1595 4056 1737 4119 sunt
1757 4048 1977 4134 adepti,
2010 4056 2071 4113 et
2100 4050 2261 4135 quod
2288 4049 2631 4129 noluerunt,
2661 4050 2993 4116 effecerunt.
3076 4050 3273 4117 Nam-

878 4156 998 4218 que
1025 4133 1466 4199 Catholicorum
1494 4156 1806 4219 procerum
1836 4157 2080 4201 suorum
2122 4138 2699 4220 consanguineorum
2746 4137 3160 4225 possessiones,
3208 4148 3274 4203 et

877 4220 1254 4286 haereditates
1281 4220 1670 4305 amplissimas
1698 4243 1824 4286 non
1863 4222 1999 4307 ipsi,
2030 4223 2135 4288 sed
2178 4224 2364 4309 Angli
2393 4230 2535 4289 sunt
2564 4224 2781 4310 adepti,
2812 4233 2873 4288 et
2900 4233 3273 4291 sacrosancta

877 4306 1102 4373 Christi
1151 4307 1194 4371 J
1195 4330 1302 4372 esu
1329 4307 1536 4392 religio
1587 4310 2130 4393 propugnatoribus
2158 4310 2305 4375 orba
2330 4310 2741 4376 haereticorum
2784 4310 3033 4377 barbaro
3060 4312 3272 4393 furori,

676 4408 854 4479 [117.]
878 4403 940 4459 et
965 4393 1200 4459 libidini
1224 4396 1383 4481 jacet
1409 4394 1656 4494 objecta.
1670 4398 1696 4494 Ι]
1790 4394 1883 4460 Ea
1910 4398 2067 4462 enim
2120 4398 2238 4461 fuit
2288 4420 2382 4463 ars
2410 4418 2550 4475 una,
2584 4400 2703 4482 qua
2730 4404 3054 4483 potuerunt
3082 4400 3275 4485 Angli

875 4479 1230 4547 Ibernorum
1256 4483 1595 4582 principum
1639 4504 1792 4547 vires
1839 4483 2223 4563 contundere,
2270 4484 2433 4570 quod
2474 4506 2679 4550 eorum
2721 4484 3062 4570 dignitateS,
3090 4494 3275 4572 atque
3408 4490 3413 4493 ’

874 4569 1184 4653 vectigalia
1212 4570 1668 4655 consanguineis
1695 4570 1979 4656 ipsorum,
2012 4571 2115 4655 qui
2143 4571 2407 4650 clientes,
2434 4578 2612 4658 atque
2642 4572 2831 4637 socios
2862 4572 2937 4637 ab
2966 4572 3085 4637 illis
3128 4575 3273 4639 sub-

874 4653 1177 4735 ducerent,
1210 4656 1668 4743 pollicebantur,
1720 4680 1834 4721 nec
1890 4664 2093 4722 tamen
2149 4659 2319 4723 finito
2377 4657 2531 4723 bello
2590 4658 2896 4743 promissis
2952 4666 3271 4728 steterunt.

1742 4832 1766 4859 ⁸
1806 4830 2022 4893 Monte,
2062 4830 2167 4885 IV.
2198 4848 2253 4901 p.
2284 4834 2400 4885 124.
