3634 5842
683 771 1015 820 mumma
1056 773 1317 824 SINOEUS
1358 775 1612 824 noxnto
1654 777 1958 824 PHILIPPO
2001 759 2452 830 o’SULLEVANO.
2627 768 2749 833 3417

626 923 900 992 Abstulit
927 929 1195 1014 egregios
1224 929 1392 998 Mars
1418 929 1912 1017 sanguinolentus
1940 931 2211 1014 Ibernos,

714 1011 832 1078 Sed
860 1013 989 1080 sine
1017 1014 1217 1082 Marte
1242 1039 1451 1104 graves
1476 1018 1751 1084 interiere
1778 1018 1932 1086 viri:

625 1097 795 1170 Quos
821 1102 1030 1187 patria,
1058 1109 1238 1190 atque
1264 1105 1431 1171 omni
1456 1105 1661 1191 pulsos
1691 1104 1920 1172 ditione
1943 1112 2189 1193 paterna

710 1185 993 1254 Externis
1019 1191 1219 1276 rapuit
1244 1195 1404 1258 moi-s
1430 1192 1677 1278 inopina
1701 1191 1869 1258 locis.

627 1271 852 1340 Hausit
880 1273 1281 1342 O'Donellum
1310 1277 1492 1346 febris
1518 1301 1735 1345 vesana
1762 1279 2072 1358 Simancae,

714 1359 773 1426 Ο
802 1361 1054 1446 qualem,
1085 1363 1391 1432 obstarent
1418 1366 1485 1431 ni
1508 1365 1713 1432 invida
1742 1365 1888 1446 fata,
1913 1365 2150 1432 virum!

616 1445 783 1514 Dum
812 1449 1081 1534 sequitur
1106 1473 1308 1537 regem
1334 1451 1713 1519 Theobaldus
1738 1451 1987 1518 Burkus
2015 1451 2278 1533 Iberum,

709 1533 1000 1602 Discessit
1024 1538 1247 1604 fractus
1274 1538 1537 1606 membra
1564 1537 1767 1605 labore
1792 1539 1924 1606 viae.

620 1619 945 1688 Confectus
974 1624 1139 1690 senio
1168 1627 1455 1712 expiravit
1482 1627 1549 1692 in
1578 1625 1725 1692 urbe
1754 1624 2016 1706 Quirini,

705 1707 831 1780 Qui
859 1708 1160 1794 quondam
1186 1712 1523 1798 Anglorum
1548 1720 1739 1779 terror
1767 1711 2065 1780 O’Nellus
2093 1720 2238 1779 erat.

618 1791 754 1859 Hos
782 1817 896 1881 ego
921 1796 1164 1882 ploravi.
1255 1799 1375 1866 Sed
1403 1799 1538 1885 quis
1566 1805 1789 1866 secreta
1814 1799 2103 1866 Tonantis

706 1881 869 1948 Scire
896 1883 1097 1950 valet?
1184 1884 1455 1952 Latitant
1482 1892 1719 1972 pectore
1747 1885 1948 1952 clausa
1975 1908 2105 1951 suo.

618 1965 796 2034 Solus
815 1975 941 2034 erat
968 1969 1230 2057 reliquus
1258 1971 1471 2038 Comes
1500 1971 1953 2053 O'Sullevanus,
1981 1973 2150 2058 isque

701 2053 974 2122 Maeroris
1000 2059 1191 2123 nostri
1218 2059 1393 2126 dulce
1419 2059 1686 2127 levamen
1715 2066 1859 2126 erat.

614 2139 813 2214 Quem
841 2142 894 2208 si
921 2143 1043 2209 fata
1070 2144 1264 2211 virum
1292 2146 1555 2212 sinerent
1579 2145 1904 2232 producere
1939 2146 2146 2226 vitam,

644 2273 655 2284 ·
699 2228 967 2296 Amissas
995 2231 1156 2298 solus
1184 2233 1542 2300 restituisset
1568 2255 1733 2322 opes.

613 2313 815 2386 Quam
842 2318 1123 2404 prudens,
1154 2321 1407 2406 sapiens,
1440 2343 1617 2408 quam
1647 2319 2128 2406 circumspectus,
2151 2326 2214 2386 et
2242 2319 2406 2384 omni
2445 2349 2464 2368 ·

698 2401 878 2470 Parte
906 2419 1108 2492 sagax,
1139 2413 1200 2472 et
1228 2428 1409 2494 quam
1478 2407 1721 2474 rovidus
1746 2407 1848 2474 ille
1876 2408 2028 2472 fuit!

618 2484 819 2557 Quam
844 2489 997 2556 bene
1026 2493 1255 2576 pacifici
1282 2493 1429 2559 calle
1472 2499 1535 2560 at
1560 2493 1848 2580 principis
1876 2493 2072 2558 artes!

700 2571 901 2644 Quam
927 2575 1079 2642 bene
1106 2577 1369 2644 Tritonis
1396 2578 1609 2644 bellica
1628 2581 1767 2666 jura
1791 2579 1980 2644 Deae!

614 2653 803 2726 mum
830 2661 937 2727 sed
966 2668 1281 2749 postquam
1309 2663 1591 2730 scelerato
1624 2665 1866 2730 vulnere
1891 2664 2017 2730 vidi

698 2743 843 2813 Heu
872 2754 1123 2813 stratum
1155 2747 1447 2837 Hesperia
1474 2750 1645 2816 triste
1673 2749 1922 2818 cadaver
1949 2751 2154 2816 hamc.

608 2829 783 2898 Illico
810 2836 1073 2922 percussi
1100 2835 1412 2924 lachrymis
1439 2837 1589 2903 mihi
1614 2843 1826 2924 pectus
1853 2836 2096 2916 abortia,

690 2919 777 2985 Et
804 2943 939 3008 spes
966 2943 1127 2988 nunc
1155 2924 1349 2990 omnis
1376 2924 1621 3004 corruit,
1650 2923 1766 3005 aio,
1794 2945 1948 2990 mea.

608 3004 894 3074 Protinus
922 3009 1037 3074 hoc
1063 3009 1273 3076 faciem
1300 3010 1475 3097 nigro
1503 3011 1795 3078 velamine
1822 3012 1964 3090 texi,

691 3094 1039 3182 Aufugique
1068 3097 1281 3163 domus
1308 3097 1374 3162 in
1400 3097 1699 3184 penetrale
1725 3119 1892 3164 meae.

606 3177 744 3246 Illic
788 3205 925 3249 cum
952 3185 1177 3270 paucis,
1208 3184 1533 3271 doctisque,
1563 3184 1816 3272 piisque,
1845 3183 2136 3270 bonisque

692 3267 827 3334 coll
905 3293 1035 3352 uor,
1068 3278 1129 3337 et
1156 3293 1387 3360 semper
1408 3273 1595 3359 janua
1620 3272 1822 3338 clausa
1847 3293 1980 3338 mea
2005 3278 2117 3336 est.

606 3352 842 3443 Religio
916 3356 1053 3437 'cor,
1084 3377 1219 3446 quae
1246 3358 1436 3425 Divos
1462 3359 1649 3425 reddo
1676 3357 1815 3426 beni
1903 3381 2008 3424 os:

693 3441 848 3514 Quae
875 3444 1058 3510 reddo
1085 3445 1318 3512 facilem
1344 3468 1455 3532 pro
1494 3445 1789 3532 itiumque
1816 3381 2047 3512 geum.
2128 3531 2141 3544 ·

608 3526 761 3596 Haec
788 3529 896 3596 ubi
924 3531 1084 3597 dicta
1111 3532 1296 3612 dedit,
1327 3531 1468 3618 pulc
1512 3533 1725 3599 eri-ima
1744 3532 1906 3599 Diva
1931 3535 2174 3597 recessit

689 3616 791 3683 Ad
819 3639 927 3684 sua
953 3625 1131 3700 tecta,
1158 3618 1309 3686 lares
1338 3626 1545 3686 sancta
1571 3619 1614 3684 J
1614 3641 1840 3686 uverna
1865 3625 2023 3686 tuos.

342 3880 673 3948 Historiam
700 3889 867 3950 tuam
895 3907 1018 3950 non
1068 3883 1281 3952 dubito
1322 3881 1605 3949 omnibus
1630 3882 1894 3950 numeris
1922 3879 2256 3948 absolutam
2283 3877 2429 3944 fore.
2517 3875 2736 3962 Itaque

332 3970 460 4056 jam
487 3969 718 4055 pridem
764 3992 892 4036 eam
937 3970 1129 4050 avido,
1176 3977 1354 4122 atque
1383 3970 1619 4036 ardenti
1665 3970 1866 4035 animo
1915 3973 2184 4054 expect0.
2269 3965 2570 4051 Equidem
2598 3985 2733 4049 ego,

336 4057 457 4121 nisi
482 4079 580 4122 me
609 4055 861 4122 docendi
886 4057 1055 4124 labor
1071 4081 1106 4123 a
1134 4059 1249 4123 scri
1292 4055 1446 4122 endo
1474 4055 1811 4136 abduceret,
1830 4057 1956 4142 jam
1981 4055 2196 4141 ingens
2223 4052 2502 4152 volumen
2533 4051 2734 4151 confe-

337 4143 549 4208 cissem
580 4164 779 4208 rerum
806 4151 1145 4210 nostrarum
1190 4143 1473 4211 Patribus
1523 4165 1557 4209 e
1610 4143 1906 4210 Societate
1953 4141 2260 4207 materiem
2309 4139 2457 4204 m1h1
2507 4137 2731 4206 affaum

335 4228 945 4310 subministrantibus,
974 4237 1156 4317 atque
1183 4233 1359 4297 etiam
1388 4229 1467 4296 ad
1510 4229 1888 4296 scribendum
1930 4225 2290 4315 magnopere
2332 4222 2730 4325 hortantibus:

336 4315 455 4382 Sed
504 4333 622 4395 me,
672 4336 817 4381 cum
864 4317 980 4382 alia
1028 4324 1323 4396 avertunt,
1369 4325 1499 4383 tum
1545 4316 1641 4382 vel
1680 4313 1936 4382 maxime
1979 4315 2210 4380 incuria
2235 4319 2594 4410 nostrorum,
2626 4331 2732 4397 qm

334 4424 530 4490 neque
560 4401 786 4481 horam,
816 4423 1011 4488 neque
1041 4403 1217 4484 diem,
1237 4426 1433 4490 neque
1452 4425 1735 4483 mensem,
1756 4425 1952 4488 neque
1979 4423 2221 4480 annum,
2255 4421 2375 4487 quo
2405 4397 2731 4498 quidquam

335 4496 536 4555 actum
565 4489 663 4570 sit,
693 4509 886 4573 neque
914 4490 1175 4568 nomina,
1206 4497 1313 4556 aut
1338 4489 1619 4568 militum,
1666 4499 1773 4556 aut
1815 4490 2057 4565 ducum,
2077 4491 2204 4554 'aut
2252 4484 2594 4584 praesidum,
2625 4505 2732 4570 per

336 4593 492 4660 quos
540 4599 635 4642 res
682 4583 851 4662 gesta
900 4576 998 4655 sit,
1050 4597 1319 4662 unquam
1363 4582 1718 4664 apponunt,
1765 4575 1872 4642 sed
1912 4574 2135 4662 inepte,
2165 4581 2346 4660 atque
2372 4569 2726 4652 inordinate,

332 4662 456 4726 imo
484 4661 755 4730 mutilate
782 4663 981 4730 omnia
1008 4668 1270 4742 narrant,
1298 4663 1709 4750 praetermism's
1736 4663 2026 4749 personis,
2052 4661 2202 4727 locis
2242 4667 2422 4746 atque
2448 4659 2730 4745 tempori·

334 4745 469 4826 bus,
500 4750 627 4816 sine
694 4749 873 4817 uibus
921 4749 1171 4817 historia
1214 4773 1339 4818 non
1380 4749 1563 4816 modo
1604 4755 1838 4828 trunca,
1869 4749 1974 4814 sed
2003 4749 2180 4814 etiam
2212 4745 2517 4824 exanimis,
2547 4753 2728 4831 atque

332 4842 567 4902 mortua
592 4837 652 4903 vi
694 4843 846 4905 etur.
933 4835 1255 4924 Compom
1286 4845 1489 4910 tamen
1516 4835 1671 4924 stylo
1700 4835 1858 4903 certe
1879 4834 2204 4902 admodum
2229 4835 2418 4916 tenui,
2449 4857 2518 4900 ac
2545 4833 2726 4900 maci-
