3634 5842
891 729 1017 792 320
1272 720 1689 788 o’sutmum
1734 733 2051 780 mercum
2095 728 2483 788 cunonem,
2513 727 2661 772 rou.
2693 725 2784 771 1v.
2819 698 2826 706 ’
3009 704 3146 790 [nn
3194 724 3272 770 11.

893 897 1057 968 hujus
1077 893 1291 965 inclyto
1314 891 1479 947 curin
1501 886 1805 962 privilegio,
1849 886 2124 972 libertate,
2158 899 2267 955 qua
2287 881 2344 936 in
2368 899 2434 936 ea
2455 881 2525 934 de
2557 879 2722 934 rebus
2735 949 2749 964 ι
2763 877 2985 962 sentire·
3003 876 3280 964 debemus,

890 969 1548 1094 Lffimffigqu‘rursus
1564 961 1737 1016 amice
1753 957 1986 1014 habendi
2003 955 2405 1028 parlamentum
2425 969 2550 1008 cum
2567 959 2801 1014 cssteris,
2815 957 3016 1004 nostris
3035 948 3282 1022 collegis,

1899 1481 2081 1551 cAP.
2126 1482 2242 1550 VI.

898 1686 1084 1743 Iberni
1108 1696 1499 1760 procuratores
1522 1703 1709 1760 reg-em
1734 1687 1951 1759 Anglioe
1974 1686 2196 1750 adeunt,
2219 1684 2414 1758 quihus
2437 1698 2669 1757 regnum
2691 1681 2900 1737 victum
2935 1681 3285 1754 suppeditans

1704 1776 1909 1831 prox-ex
1930 1758 2144 1814 Frustra
2163 1755 2434 1830 prohibet.

898 1947 1073 2020 Qun
1150 1967 1287 2012 vero
1360 1945 1532 2012 malis
1602 1945 1701 2012 his
1766 1968 1985 2046 prorex
2055 1945 2282 2012 nullam
2353 1943 2617 2012 admovit
2687 1945 3075 2026 curationem,
3147 1968 3284 2012 nos-

898 2035 978 2100 tri
1049 2040 1370 2112 senatores,
1444 2033 1551 2118 qui
1621 2055 1824 2099 nescio
1895 2055 2036 2119 rege
2077 2032 2198 2098 vim
2255 2033 2430 2113 hanc,
2503 2037 2682 2118 atque
2757 2031 2971 2098 relatas
3039 2033 3286 2119 injurias

897 2119 1103 2186 inferri
1186 2118 1301 2184 sibi
1391 2117 1729 2198 credebant,
1819 2118 1896 2184 ad
1952 2141 2198 2186 examen
2267 2119 2499 2206 regium
2611 2125 2911 2200 revocant,
2984 2118 3288 2186 mittentes

898 2207 965 2272 in
1020 2203 1303 2292 Angliam
1359 2227 1499 2271 eum
1569 2205 1852 2272 mandato
1923 2227 2160 2272 causam
2219 2205 2435 2292 agendi
2489 2205 2546 2272 B
2609 2205 2622 2219 ‘
2703 2227 2924 2272 rmanae
2977 2205 3287 2274 vicecomi-

896 2300 1042 2374 tem,
1071 2291 1459 2358 Dunbunniae
1486 2291 1786 2372 baronem,
1839 2291 1990 2358 duos
2037 2291 2323 2372 tribuum,
2367 2291 2618 2358 totidem
2666 2293 2974 2359 civitatum
3013 2315 3290 2380 procura-

898 2389 1079 2446 tores.
1188 2378 1398 2444 Plures
1446 2401 1587 2466 rege
1636 2387 1970 2446 accersente
2018 2380 2342 2446 mittuntur
2367 2378 2694 2465 Faramujoe
2736 2379 3082 2460 vicecomes,
3131 2380 3289 2446 Baro

902 2465 1210 2545 Killinnae,
1241 2463 1362 2530 duo
1388 2465 1678 2546 tribuum,
1697 2465 1819 2532 duo
1839 2466 2150 2533 civitatum
2177 2474 2604 2553 procuratores,
2628 2466 2856 2551 aliquot
2876 2465 3286 2554 jureconsulti,

944 2575 1056 2620 uos
1082 2552 1284 2618 Dalrae
1310 2549 1476 2632 haro,
1516 2552 1803 2619 Patritius
1855 2551 2153 2620 Barnahal
2198 2575 2378 2640 eques
2420 2563 2679 2634 auratus,
2725 2560 2786 2619 et
2813 2553 2916 2620 alii
2937 2559 3292 2640 sequuntur.

942 2663 984 2706 n
1034 2645 1484 2729 procuratorum
1528 2645 1925 2706 commeatum
1973 2639 2181 2706 Iberni
2208 2641 2406 2707 animo
2433 2640 2846 2720 libentissimo,
2875 2645 2938 2728 et
2964 2639 3163 2706 obviis
3223 2645 3291 2706 ut

904 2727 1098 2811 aiunt)
1132 2725 1408 2792 manibus
1616 2749 1715 2794 am
1740 2727 2010 2813 pecuniae
2038 2749 2330 2794 summam
2357 2728 2690 2806 conferunt,
2733 2748 2867 2812 quae
2893 2749 3000 2814 per
3027 2749 3162 2793 sace
3229 2750 3290 2792 o-

904 2821 997 2881 tes
1024 2813 1269 2882 collecta
1310 2814 1379 2880 in
1404 2815 1551 2900 Ang
1576 2815 1690 2880 ‘am
1736 2814 1815 2880 ad
1865 2822 2126 2881 oratores
2171 2821 2410 2882 nostros
2457 2813 2944 2888 transmittitur.†
3031 2813 3172 2885 Qua
3220 2814 3293 2879 de

904 2924 970 2968 re
995 2923 1210 2988 prorex
1236 2899 1428 2966 factus
1456 2901 1673 2966 certior
1718 2901 1882 2966 hunc
1929 2900 2373 2968 catholicorum
2421 2907 2706 2968 conatum
2731 2901 3050 2987 reprimere
3076 2899 3294 2966 frustm

904 2995 1152 3054 conatus
1180 2992 1272 3052 est
1299 2994 1584 3074 sequente
1633 2987 1829 3053 edicto
1869 3009 1981 3053 nec
2022 3011 2160 3056 vera
2186 3011 2297 3056 nec
2325 2994 2530 3056 sancta
2557 2987 3010 3075 promulgando,
3039 2987 3206 3075 quod
3233 2995 3292 3054 et

906 3073 1109 3162 Anglo
1138 3094 1409 3139 sermone
1435 3072 1521 3140 ita
1548 3073 1981 3141 transtulimus.

1939 3259 2236 3328 Edictum.

1513 3427 1625 3484 Per
1649 3427 1950 3484 Dominum
1972 3445 2281 3502 proregem,
2305 3435 2364 3483 et
2389 3425 2692 3487 consilium.

916 3561 1245 3616 Annianus
1269 3557 1669 3615 emmaus.

990 3683 1264 3749 Quoniam
1283 3701 1316 3738 e
1338 3681 1527 3738 multis
1548 3681 1713 3754 hujus
1752 3683 1912 3756 reg-ni
1950 3682 2086 3738 locis
2121 3682 2502 3748 intelleximus,
2527 3681 2770 3746 consilio,
2795 3681 3187 3768 diligentiaque
3210 3700 3300 3768 va-

916 3757 1131 3812 riorum
1166 3753 1526 3818 Jesuitarum,
1564 3754 2015 3825 sacerdotumque
2056 3753 2424 3826 Papistarum,
2463 3761 2626 3826 atque
2661 3754 2881 3809 monitis
2915 3769 3184 3826 ¹jussuque
3206 3753 3302 3809 ah-

715 3848 895 3918 [243]
918 3843 1153 3900 quorum
1190 3826 1561 3910 recusantium
1607 3825 2020 3910 membrorum,fl
2049 3825 2106 3880 in
2152 3825 2551 3912 parlamentum
2597 3841 2776 3910 nuper
2824 3832 3302 3910 copgregptprum,

916 3895 2074 4043 {fflssffiffissssffffimmffffl
2088 3902 3100 4040 5:50¹?*335222225153'0r03ffl‘m‘90‘
3123 3896 3300 4040 ΐέῑὲῗ

995 4193 1020 4221 ·
1058 4188 1197 4246 This
1221 4187 1531 4252 document.
1572 4188 1786 4260 though
1823 4189 2082 4245 ostensibl
2154 4189 2298 4245 from
2339 4189 2416 4246 all
2437 4189 2533 4245 the
2557 4189 2705 4246 Irish
2729 4190 3027 4260 Catholics,
3047 4193 3303 4248 breathes

926 4262 1117 4319 rather
1139 4259 1233 4314 the
1256 4257 1416 4331 spirit
1438 4258 1505 4314 of
1519 4258 1614 4314 the
1638 4259 2014 4332 Anglo-Irish,
2030 4278 2079 4313 w
2120 4279 2153 4316 o
2170 4279 2311 4316 were
2329 4261 2453 4316 firm
2467 4261 2602 4316 both
2620 4262 2676 4317 in
2695 4262 2898 4334 loyalty
2921 4263 3030 4318 and
3051 4263 3304 4337 religion,

927 4335 1030 4388 but
1066 4338 1165 4386 not
1201 4348 1332 4386 over
1370 4330 1599 4386 anxious
1638 4337 1701 4384 to
1740 4331 2011 4403 complain
2048 4331 2115 4386 of
2147 4333 2241 4386 the
2281 4332 2568 4388 wholesale
2589 4349 2616 4388 s
2654 4333 2879 4389 oliation
2906 4334 2975 4388 of
3003 4335 3100 4390 the
3121 4337 3306 4392 native

931 4404 1098 4467 Irish,
1120 4401 1385 4476 provided
1406 4401 1501 4456 the
1556 4400 1878 4458 themselves
1901 4403 2147 4476 escaped.
2222 4403 2344 4458 The
2385 4401 2569 4460 Lords
2669 4414 3055 4474 ormanstown,
3080 4406 3308 4462 Monnt-

968 4482 1163 4538 arrett,
1206 4473 1445 4541 Killeen,
1526 4471 1669 4540 lane,
1705 4471 1931 4538 Delvin,
1974 4473 2330 4542 Trimlestcn,
2363 4474 2670 4548 Dunboyne
2703 4478 2812 4531 and
2835 4475 3043 4541 Louth,
3077 4485 3256 4533 wrote
3277 4496 3309 4532 a

928 4495 1096 4602 fetter
1120 4550 1180 4600 at
1202 4545 1311 4598 this
1334 4545 1467 4600 time
1490 4551 1550 4600 to
1572 4543 1668 4599 the
1714 4544 1850 4618 king
1873 4546 2198 4618 complainin
2278 4545 2345 4601 of
2375 4546 2474 4602 the
2513 4546 2872 4602 constitution
2894 4547 2962 4602 of
2993 4549 3090 4604 the
3113 4549 3311 4622 parlia-

934 4615 1367 4673 ment.—G'a1e's
1391 4621 1680 4689 corporate
1704 4617 1903 4744 exstem
1924 4617 1996 4690 os
2007 4617 2070 4672 Ir
2261 4635 2314 4689 p.
2353 4617 2686 4682 ov.-.coc‚
2710 4617 2766 4674 ii.
2791 4635 2845 4691 p.
2869 4621 2958 4673 2³.

1007 4691 1035 4758 †
1073 4687 1193 4749 The
1221 4686 1471 4744 catholic
1495 4695 1621 4744 rent
1642 4687 1709 4743 of
1788 4706 1820 4744 e
1841 4687 2174 4761 §hym-0⁰3·
2195 4688 2254 4744 ii.
2279 4705 2334 4760 p.
2356 4691 2446 4743 25.
