3634 5842
704 4359 888 4428 [aia]

884 759 1033 821 282·
1314 752 1735 817 o’snmvam
1780 767 2099 814 nmmum
2142 765 2534 827 camenus,
2575 767 2727 814 rou„
2773 765 2864 810 ιν.
3021 741 3180 828 [mn
3227 763 3274 806 1.

882 926 1106 993 nedum
1136 947 1437 992 exornare.
1524 924 1625 989 Ita
1650 921 1944 990 Catholici
1971 927 2254 1007 praetores
2281 917 2498 986 urbani
2529 924 2786 1005 praetura
2815 923 2958 984 sunt
2983 918 3276 985 abdicati:

879 1011 1183 1100 judicibus
1230 1019 1494 1099 potestas
1544 1011 1739 1077 officio
1782 1032 1896 1075 suo
1945 1008 2236 1093 fungendi
2287 1006 2602 1094 ademptae
2646 1027 2957 1072 causarum
3003 1007 3277 1092 patroni;

884 1107 1414 1188 procuratoresque
1462 1097 1808 1163 muneribus
1861 1093 2159 1162 obstinere
2229 1094 2708 1181 compelluntur:
2781 1093 2935 1159 nulli
2991 1093 3282 1160 Catholici

886 1187 1270 1272 magistratus
1299 1207 1501 1272 gerere
1528 1191 1815 1272 possunt:
1861 1189 2212 1248 mercatores
2261 1183 2442 1248 etiam
2470 1181 2643 1281 novis
2671 1179 3281 1282 exactionibus-pecu-

888 1269 2034 1446 mtnffissffiussssflzffiffifflff’
2113 1268 2458 1422 {Zbss‘s'ffii
2473 1265 3284 1422 ffl'ffmsstfffflzbffss:

892 1448 1045 1513 rima
1070 1469 1197 1512 non
1222 1447 1625 1532 imponantur.
1712 1443 1813 1510 Sic
1843 1443 2048 1508 Iberni
2073 1465 2238 1508 nunc
2272 1444 2464 1530 magis
2493 1463 2674 1528 quam
2701 1465 2967 1528 unquam
2995 1444 3034 1508 ὲ.
3065 1444 3284 1510 civium

894 1555 1143 1600 munere
1170 1539 1575 1620 segregantur,
1606 1537 1669 1596 et
1694 1531 1866 1596 malis
1893 1529 2276 1596 cumulantur
2295 1531 2444 1596 dum
2457 1537 2700 1616 propter
2713 1530 2892 1596 fidem
2919 1530 3286 1597 catholicam

896 1619 1244 1701 honoribus,
1294 1618 1705 1722 dignitatibus,
1736 1639 1935 1684 rerum
1981 1617 2507 1697 administratione,
2552 1617 2850 1684 bonorum
2895 1619 3284 1704 possessione,

898 1707 1491 1773 honorificentissimo
1520 1727 1759 1793 quoque
1788 1704 1979 1791 gradu
2007 1703 2400 1790 dejiciuntur:
2447 1712 2508 1769 et
2535 1705 2600 1770 in
2630 1727 2835 1770 eorum
2875 1704 3074 1770 locum
3103 1705 3285 1770 haere-

896 1795 1005 1860 tici
1053 1792 1259 1880 Angli,
1308 1801 1371 1860 et
1422 1795 1604 1872 Scoti,
1657 1793 1878 1878 quique
1927 1799 2070 1857 sunt
2114 1789 2322 1858 Iberni
2361 1813 2676 1878 ganeones,
2706 1793 2958 1878 exleges,
2987 1793 3287 1880 flagitiosi,

899 1881 1169 1960 obscura,
1202 1887 1265 1946 et
1292 1880 1694 1946 sordidissima
1720 1879 2004 1945 colluvies
2031 1879 2416 1965 recipiuntur.
2481 1878 2670 1965 Cujus
2697 1879 3048 1946 calamitatis
3062 1879 3126 1945 id
3147 1881 3288 1945 satis

898 1976 992 2034 est
1008 1968 1296 2053 exemplo,
1316 1967 1477 2053 quod
1498 1968 1562 2032 in
1578 1988 1701 2032 una
1716 1964 1865 2031 urbe
1881 1966 2181 2032 Gorcacha
2198 1987 2302 2052 per
2319 1987 2542 2034 annum
2561 1989 2770 2047 unum,
2789 1967 2992 2033 decem
3008 1977 3288 2054 praetores

894 2054 1110 2120 urbani
1138 2055 1362 2120 honore
1391 2055 1513 2118 sint
1540 2053 1814 2132 abdicati,
1846 2053 1988 2139 quia
2014 2052 2130 2118 hoc
2156 2053 2304 2139 regii
2333 2054 2698 2140 principatus
2739 2055 3061 2120 ecclesiasti
3096 2054 3289 2141 jusju-

895 2141 1149 2210 randum
1176 2148 1454 2226 praestare
1482 2139 1822 2205 noluerunt.
1911 2139 2012 2206 Ita
2037 2138 2297 2218 urbium,
2328 2160 2645 2227 rerumque
2673 2139 3044 2228 publicarum
3071 2141 3289 2226 guber-

895 2225 1109 2292 nacula
1153 2227 1269 2312 piis
1319 2227 1690 2306 Christianis,
1740 2232 1921 2310 atque
1965 2225 2360 2313 prudentibus
2387 2227 2528 2292 viris
2557 2228 2833 2315 adempta
2873 2229 3292 2314 relinquuntur

896 2313 1193 2379 haereticis
1220 2313 1508 2399 improbis
1558 2321 1620 2378 et
1667 2313 1995 2398 flagitiosis,
2028 2314 2133 2398 qui
2160 2315 2226 2379 in
2247 2313 2558 2380 imbecillis
2586 2316 2857 2382 fortunas
2885 2315 3176 2402 impetum
3203 2315 3291 2381 fa·

896 2401 1076 2480 ciant,
1100 2401 1207 2486 qui
1234 2399 1509 2466 faucibus
1536 2399 1843 2466 hiantibus
1871 2399 2162 2466 bonorum
2195 2401 2415 2466 civium
2444 2424 2588 2490 opes
2618 2402 2924 2482 devorent,
2945 2403 3048 2488 qui
3069 2402 3289 2470 Catho-

898 2487 1153 2552 licorum
1180 2486 1339 2553 bona
1366 2488 1611 2574 privatis
1660 2486 1904 2573 rapinis,
1935 2493 1996 2552 et
2045 2487 2300 2572 publicis
2333 2487 2723 2574 vectigalibus
2766 2488 3154 2576 pessundent,
3184 2490 3290 2576 qui

899 2573 1073 2640 bonis
1102 2573 1379 2640 omnibus
1406 2581 1655 2662 pestem,
1699 2581 1879 2659 atque
1922 2575 2242 2660 perniciem
2287 2575 2694 2662 universasque
2719 2574 3060 2662 reipublicae
3087 2577 3290 2642 interi-

897 2665 1031 2726 tum
1058 2661 1356 2741 inferant3
1400 2683 1581 2747 quam
1610 2660 1914 2746 aptissime
1942 2661 2081 2727 huic
2109 2683 2304 2728 rerum
2328 2661 2825 2729 administrationi
2841 2663 3120 2730 convenit
3138 2662 3290 2730 illud

898 2747 1229 2814 doctissimi
1256 2748 1453 2814 Boetii
1485 2755 1743 2814 metrum
1777 2774 1791 2812 :

1897 2979 2107 3036 Premit
2130 2980 2372 3036 insontes

1606 3048 1816 3104 Debita
1836 3049 2029 3104 sceleri
2051 3051 2217 3105 noxia
2235 3069 2396 3124 poena

1606 3123 1686 3174 At
1709 3121 1952 3192 perversi
1975 3121 2218 3176 resident
2241 3123 2386 3177 celso

1610 3191 1801 3246 Mores
1823 3191 1980 3255 solio,
2005 3201 2300 3264 uncaque
2323 3194 2537 3250 caleam

1609 3260 1828 3332 Injusta
1850 3263 1968 3318 vioe
1991 3263 2136 3318 oolla
2155 3273 2431 3328 nocentes,

1609 3331 1780 3387 Latet
1803 3333 2050 3388 obscuris
2075 3335 2297 3390 condita
2321 3337 2496 3390 virtus

1616 3401 1786 3458 Clara
1807 3404 2066 3469 tenebris,
2083 3406 2377 3479 justusque
2400 3405 2532 3462 tulit

1612 3474 1833 3529 Crimen
1858 3475 2047 3546 iniqui,

1609 3545 1707 3600 Nil
1730 3545 1994 3618 perjuria,
2017 3547 2096 3602 nil
2119 3555 2282 3602 nocet
2303 3549 2432 3621 ipsis

1608 3615 1791 3673 Fraus
1813 3619 2080 3673 mendacii
2104 3627 2326 3692 compta
2347 3620 2548 3678 colors.

997 3865 1135 3930 Hoc
1184 3864 1550 3954 Reipublicoe
1596 3869 1892 3936 excidium
1942 3869 2234 3940 Catholici
2287 3875 2550 3942 miserati
2607 3883 2701 3944 tot
2757 3879 2947 3961 malis,
3005 3889 3290 3974 tantoque

904 3953 1075 4038 regni
1105 3953 1293 4018 totius
1318 3954 1593 4020 incendio
1620 3955 1950 4022 remedium
1977 3958 2178 4044 aliqua
2220 3970 2389 4046 parte
2417 3962 2696 4031 adhibere
2721 3975 3036 4049 conantur,
3065 3979 3130 4036 st
3155 3975 3293 4058 qnia

906 4060 1073 4104 more
1102 4040 1392 4126 majorum
1420 4063 1603 4126 penes
1642 4043 1801 4129 ipsas
1851 4045 2120 4111 civitates
2169 4056 2260 4112 est
2308 4055 2574 4136 potestas
2599 4051 2860 4139 eligendi
2887 4057 3288 4144 magistratus,

904 4125 1207 4192 interdum
1232 4125 1494 4193 urbanos
1515 4135 1813 4214 praetores,
1832 4129 2094 4218 aliosque
2121 4135 2502 4220 magistratus
2529 4146 2732 4205 creant
2761 4141 2990 4226 equites
3019 4143 3292 4226 Ibernos,

908 4212 1034 4299 qui,
1064 4211 1313 4279 urbibus
1340 4220 1402 4278 et
1428 4214 1751 4300 majoribus
1800 4217 2038 4304 oppidis
2085 4220 2460 4306 posthabitis,
2489 4225 2556 4291 in
2597 4226 2852 4293 castellis
2879 4229 3024 4308 suis,
3051 4237 3117 4296 et
3143 4235 3308 4299 arci--

906 4297 1023 4364 bus
1052 4321 1125 4365 ex
1152 4299 1565 4367 haereticorum
1606 4303 1910 4370 vicinitate
1951 4306 2205 4392 sejuncti
2240 4309 2489 4378 vivunt=
2533 4335 2570 4378 a
2597 4313 2816 4399 quibus
2843 4315 3296 4386 administrandi

988 4393 1202 4452 testate
1226 4409 1435 4453 rursus
1462 4389 1559 4454 del
1668 4391 1766 4474 tan
1802 4391 2094 4459 Catholici
2121 4393 2364 4462 urbium
2389 4398 2602 4464 incolas
2629 4401 2900 4468 civitates
2925 4413 3166 4490 regunt,
3207 4409 3298 4474 ita

903 4471 3294 4660 stfflgsss'ssszism&mammes-sm

902 4665 1005 4710 cos
1030 4646 1121 4712 in.
1140 4649 1307 4714 curin.
1348 4660 1798 4732 commorantes,
1830 4675 1868 4718 a
1912 4654 2132 4739 quibus
2176 4655 2522 4725 absentibus
2563 4661 2976 4746 jurisdictione
3023 4666 3302 4736 similiter

898 4728 1251 4799 demandata
1276 4733 1567 4803 Catholici
1616 4739 1811 4804 officio
1853 4739 2207 4827 funguntur.
2297 4743 2672 4833 Quandoque
2699 4749 3010 4818 hereticos
3035 4752 3300 4822 homun-

896 4815 1322 4903 culosgenere,
1376 4829 1437 4886 et
1465 4824 1751 4892 moribus
1801 4823 2105 4908 obscuros,
2135 4830 2518 4920 ctspbjectos,
2547 4834 2788 4916 inertes,
2817 4837 3064 4924 ingenio
3091 4842 3298 4922 rudes,
