3634 5842
881 674 1006 737 250
1268 652 1686 735 o’sunmvim
1731 684 2047 731 ursionis,
2088 685 2475 746 cii-nouem,
2504 686 2633 731 τοι
2665 684 2765 729 111.
2949 664 3107 749 [Lis.
3154 686 3275 731 vu.

880 866 1014 909 cum
1063 842 1376 920 haereticis,
1430 848 1492 907 et
1535 862 1744 907 eorum
1789 838 2125 905 fautoribus
2175 862 2285 905 nos
2328 860 2541 905 manus
2582 838 2883 905 conierere
2924 839 3277 924 cogitemus,

879 930 1032 995 nihil
1075 930 1354 995 timentes
1402 930 1640 995 inanem
1686 927 1951 991 hostium
2000 926 2469 1005 multitudinem,
2496 926 2603 1011 qui
2650 948 2773 991 non
2820 934 3173 991 concurrent
3200 928 3277 991 sd

879 1038 1006 1081 rem
1033 1015 1354 1102 gerendum
1381 1022 1495 1095 tot,
1525 1020 1676 1102 quot
1703 1036 1814 1079 nos
1844 1033 2071 1091 sumus,
2102 1013 2325 1079 nedum
2366 1022 2491 1079 tam
2510 1020 2881 1099 praestantes.
2970 1011 3139 1084 Quin
3174 1036 3278 1079 eos

877 1110 1046 1188 terga
1074 1103 1318 1167 daturos
1357 1124 1549 1189 spero,
1593 1122 1733 1167 cum
1759 1122 1875 1165 nos
1900 1098 2149 1216 adverso
2198 1100 2373 1167 vultu
2399 1100 2740 1165 resistentes
2768 1101 3179 1185 cognoverint,
3208 1110 3277 1167 ut

877 1188 2153 1373 vohfflfissozzibfflu3igoullugggnffiem
2180 1272 2283 1371 vix
2308 1273 2615 1372 imposuit,
2647 1296 2785 1339 cum
2813 1274 2881 1339 in
2908 1296 3049 1339 eum
3074 1275 3273 1373 regius

877 1364 1176 1448 equitatus
1203 1362 1416 1429 laxatis
1443 1360 1692 1428 habenis
1718 1359 2041 1439 lavabitur,
2071 1358 2299 1445 pedites
2327 1359 2517 1425 hastis
2546 1361 2907 1446 transfigere,
2938 1368 3000 1425 et
3026 1362 3273 1447 ungulis

955 1472 1166 1515 uorum
1193 1457 1402 1529 terere,
1431 1449 1788 1533 ordinesque
1813 1445 2059 1512 tui-bare
2087 1468 2327 1515 conans.
2412 1446 2631 1513 Infesti
2652 1448 2954 1534 equitatus
2982 1448 3269 1535 impetum

875 1469 1310 1603 &Sullevanus
1359 1536 1762 1603 declinaturus
1807 1556 1915 1620 per
1962 1533 2181 1613 locum,
2226 1534 2333 1619 qui
2360 1535 2667 1619 proximus
2694 1542 2819 1600 erat
2846 1534 3181 1615 humidum,
3210 1546 3271 1600 et

873 1622 1240 1709 uliginosum
1289 1622 1366 1689 ad
1415 1645 1634 1701 rarum,
1687 1628 1750 1687 et
1797 1620 2025 1686 humile
2066 1620 2405 1686 arbor-etum
2447 1644 2653 1686 versus
2682 1643 2805 1687 non
2832 1620 3013 1707 longe
3044 1622 3267 1689 distans

873 1713 1058 1777 aciem
1089 1710 1272 1776 ducit.
1321 1710 1573 1796 Equites
1599 1709 1750 1796 regii
1777 1708 1853 1773 sd
1883 1706 2065 1794 pedes
2094 1706 2515 1773 descendentes
2542 1730 2678 1773 cuin
2706 1708 2957 1774 hastatis
2983 1710 3108 1775 suis
3144 1732 3267 1775 sese

873 1798 1291 1884 conjungunt:
1338 1804 1400 1862 et
1449 1798 1690 1883 utrique
1737 1817 1845 1881 per
1903 1794 2191 1880 uliginem
2234 1801 2537 1859 currentes
2579 1794 3047 1861 O'Sullevsnum
3104 1804 3264 1861 ante·

872 1894 1120 1964 vertere,
1151 1891 1212 1950 et
1254 1884 1594 1949 arboretum
1639 1903 2052 1970 praeoccupare
2095 1903 2205 1967 pro
2250 1888 2438 1962 erant,
2482 1881 2608 1947 scie
2630 1882 2756 1967 jam
2784 1904 2909 1947 non
2936 1884 3081 1949 satis
3108 1906 3264 1948 com-

873 1973 1084 2057 posita,
1137 1971 1376 2036 ordines
1417 1970 1706 2036 laxantes.
1794 1968 1971 2053 Regii
2014 1966 2157 2033 verb
2287 1966 2602 2033 mbardarii
2658 1966 3041 2035 O'Sullevani
3096 1978 3267 2055 tergo

874 2058 1084 2123 acriter
1110 2058 1356 2123 instant.
1446 2058 1528 2122 In
1556 2078 1708 2142 quos
1758 2053 2191 2120 O'Sullevsnus
2242 2054 2611 2121 Guliehnum
2650 2054 2928 2121 Burkum
2956 2078 3093 2122 cum
3124 2080 3263 2143 qus-

873 2144 1149 2229 drsgints
1177 2144 1494 2229 sclopistis,
1523 2144 1730 2222 mittit,
1762 2142 1866 2227 qui
1916 2141 2397 2207 fulminatoribus
2427 2150 2681 2227 quatuor
2710 2142 2903 2209 decim
2930 2144 3162 2209 amissis
3188 2142 3263 2209 sb

871 2230 1061 2296 hostis
1090 2230 1476 2296 multitudine
1503 2229 1578 2295 ad
1631 2228 2095 2294 O’Sullevsnum
2140 2250 2349 2293 rursus
2376 2228 2771 2315 compellitur.
2856 2229 3085 2295 Eodem
3116 2239 3263 2295 tem-

872 2317 1032 2402 poris
1081 2326 1384 2383 momento
1437 2315 1871 2382 O'Sullevanus
1922 2336 2135 2399 agmen
2163 2316 2230 2379 in
2258 2316 2447 2381 hostis
2476 2317 2680 2395 aciem,
2712 2338 2847 2401 quse
2888 2317 3045 2385 intra
3081 2317 3262 2403 jaculi

667 2399 846 2469 [193.]
869 2404 1114 2469 missum
1133 2404 1390 2487 sdernt,ss
1414 2401 1657 2490 repente
1671 2408 1995 2488 retorquet,
2026 2403 2063 2465 ά
2089 2400 2409 2481 nobilibus,
2439 2409 2501 2467 et
2521 2404 2911 2488 magnanimis
2939 2414 3199 2483 secutus,
3222 2404 3259 2467 ὲ

867 2491 1116 2578 trepidis
1147 2490 1282 2557 ver6
1312 2499 1374 2557 et
1400 2491 1631 2577 ignavis
1677 2490 1965 2557 desertus.
2054 2487 2195 2560 Quo
2239 2490 2571 2575 repentino,
2602 2498 2664 2554 et
2705 2490 3011 2577 inopinato
3062 2490 3257 2557 reditu

867 2603 902 2644 s
945 2576 1027 2643 ud
1055 2579 1250 2663 regios
1280 2601 1496 2663 magns
1513 2576 1840 2664 'trepidatio
1892 2574 2091 2641 subit6
2140 2576 2329 2640 oritur
2354 2602 2370 2641 ε
2417 2576 2521 2662 qui
2548 2577 2615 2641 in
2641 2576 2879 2643 ordines
2906 2578 3063 2643 coire
3084 2578 3254 2663 jussi,

866 2602 968 2731 afli
994 2666 1058 2731 in
1085 2666 1332 2730 ultimos
1361 2665 1596 2731 ordines
1623 2664 1971 2750 refugiunt3
2016 2660 2114 2727 alii
2145 2670 2457 2747 sequentes
2484 2662 2631 2729 alios
2659 2664 2725 2729 in
2754 2664 3103 2750 vertiginem
3132 2686 3258 2730 sese

867 2753 1318 2839 circumagunt5
1365 2752 1465 2817 alii
1511 2774 1574 2817 se
1623 2751 1784 2837 fugae
1823 2749 2127 2815 mandent.
2214 2748 2557 2815 Nobiliores
2584 2756 2805 2830 tamen,
2836 2758 2899 2815 et
2924 2751 3259 2817 fortissimis

871 2840 1094 2926 quique
1121 2840 1332 2905 animis
1359 2838 1596 2925 praediti
1621 2838 1754 2903 loco
1783 2837 1939 2903 firmi
1968 2835 2435 2901 O'Sullevanum
2463 2836 2691 2901 adversi
2720 2844 3009 2923 spectant.
3096 2840 3260 2904 Ante

945 2928 1066 3006 ulo,
1100 2948 1277 3012 quam
1305 2926 1382 2991 sd
1409 2928 1596 2991 hastae
1637 2924 2075 3010 longitudinem
2123 2924 2379 3003 venitur,
2408 2923 2817 2989 fulminatores
2844 2924 3080 3011 viginti,
3110 2944 3259 3013 quos

867 2950 1304 3079 &sullevanus
1331 3014 1556 3078 circum
1581 3012 1804 3097 primos
1834 3010 2072 3075 ordines
2098 3008 2373 3089 habebut,
2402 3011 2597 3097 regios
2639 3010 2917 3076 undecim
2944 3010 3261 3097 glandibus

868 3106 1273 3187 prosternunt.
1363 3098 1518 3164 Mox
1563 3098 1877 3183 utriusque
1922 3098 2106 3182 partis
2150 3098 2387 3181 patroni
2435 3097 2655 3162 strictis
2703 3097 2937 3183 gladiis,
2966 3104 3029 3163 et
3078 3098 3261 3165 hastis

871 3184 1116 3251 vibratis
1166 3192 1546 3251 concurrunt.
1636 3183 1907 3249 Primum
1962 3183 2285 3249 Mauritius
2335 3182 2771 3249 O'Sullevsuus
2818 3184 3081 3251 cohortis
3138 3184 3263 3251 dux

871 3294 1011 3337 cum
1061 3270 1357 3337 Richardo
1403 3270 1613 3337 Burko
1663 3269 2065 3354 congreditur,
2096 3269 2203 3335 sed
2246 3269 2591 3356 priusquam
2640 3270 2894 3356 gradum
2920 3273 3196 3351 firmavit,
3224 3272 3264 3337 ὲ

873 3358 1190 3457 Richardo,
1223 3360 1327 3443 qui
1354 3358 1486 3423 loco
1515 3358 1720 3422 firmus
1738 3354 1953 3434 stabat,
1976 3356 2147 3423 hasta
2166 3357 2233 3454 in
2261 3367 2499 3457 pectore
2526 3378 2839 3443 percussus
2867 3360 3263 3459 prosternitur

869 3444 1391 3618 &23⁰3ssaessss
1417 3444 3003 3630 ffisssfflpessifssgffeffiusstffiffidffieffl
3019 3453 3265 3597 3333

871 3626 1181 3705 amputat3
1227 3641 1366 3684 eum
1415 3618 1594 3683 etiam
1643 3616 1967 3683 Mauritius
2016 3616 2281 3682 celeriter
2330 3638 2583 3703 surgens
2624 3618 2797 3685 haste
2838 3620 3173 3698 transfodit,
3202 3628 3265 3685 et

872 3707 1225 3772 semivivum
1254 3706 1551 3793 jacentem
1583 3704 1771 3791 Hugo
1803 3703 2179 3769 O'Phlinnus
2202 3726 2341 3769 ense
2368 3704 2523 3769 finit.
2610 3704 2961 3792 Dermysius
2989 3705 3263 3772 02Hu21-

869 3792 1173 3871 lachanus,
1205 3800 1266 3858 et
1286 3792 1596 3859 Cornelius
1625 3790 2043 3857 O’Murchuus
2086 3790 2385 3855 Malbium
2426 3790 2728 3858 occidunt.
2818 3792 2971 3858 Inde
2998 3792 3263 3871 confuse,

872 3886 952 3959 et,
983 3888 1058 3945 ut
1081 3902 1212 3945 sors
1238 3879 1384 3945 alios
1411 3879 1542 3945 aliis
1591 3876 1897 3957 miscebat,
1949 3876 2280 3943 dimicetur.
2372 3877 2669 3944 Inclinato
2693 3878 2759 3945 in
2803 3880 2997 3965 regios
3039 3902 3261 3967 pugne,

871 3966 1134 4032 Thomas
1159 3966 1424 4045 BurkuS,
1456 3966 1560 4052 qui
1585 3973 1712 4031 erat
1741 3965 1907 4050 gravi
1936 3972 2231 4030 armatura
2256 3963 2525 4045 indutus,
2544 3965 2897 4031 asseclarum
2917 3988 3097 4053 opera
3110 3988 3265 4053 equo

872 4054 1188 4141 impositus
1238 4052 1511 4119 elabitur.
1599 4050 1857 4137 Reliqui,
1904 4051 2061 4117 facts
2105 4074 2175 4117 co
2286 4074 2439 4131 rum,
2470 4060 2531 4119 et
2559 4074 2859 4119 armorum
2900 4076 2931 4119 s
3140 4074 3267 4119 non

875 4142 1114 4220 sensim,
1145 4139 1249 4205 sed
1277 4140 1460 4205 effusa
1487 4138 1632 4225 fug-s
1659 4139 1999 4224 proximum
2045 4145 2205 4203 caste
2228 4138 2353 4203 lum
2380 4139 2677 4205 Achatem
2704 4147 2938 4226 petunt.
3108 4138 3265 4207 Con-

874 4228 1026 4293 chur
1071 4229 1137 4293 in
1187 4248 1394 4313 pugna
1439 4225 1762 4291 fortissimo
1805 4225 2023 4376 cuillim
2067 4246 2175 4323 per
2223 4226 2529 4291 victorium
2557 4226 2791 4293 clamet.
2878 4226 3265 4314 Fugientium

873 4316 1058 4401 tergis
1108 4315 1334 4379 haerent
1381 4314 1652 4379 victores.
1739 4312 1835 4376 Ac
2020 4310 2280 4396 quidem,
2332 4312 2435 4397 qui
2484 4314 2549 4378 iu
2593 4312 2869 4379 adversos
2895 4313 3098 4381 hostes
3126 4336 3267 4381 cum

877 4400 1274 4467 OSullevano
1319 4420 1598 4486 proruere
1645 4420 1772 4464 non
1799 4404 1944 4463 sunt
1971 4398 2121 4478 susi,
2150 4420 2385 4463 aversos
2410 4400 2711 4465 concitato
2736 4422 2915 4467 cursu
2943 4406 3265 4481 sectentur,

877 4487 1122 4573 gloriam
1153 4488 1416 4553 victoriae
1443 4486 1518 4553 ab
1547 4484 1678 4551 aliis
1708 4484 1969 4550 obtentae
2010 4506 2230 4570 magno
2259 4485 2511 4552 clamore
2540 4487 2654 4553 sibi
2694 4494 3055 4575 arrogantes,
3085 4496 3149 4553 et
3174 4489 3265 4553 in-

877 4576 1214 4659 tempestivi
1259 4575 1490 4640 timoris
1539 4572 1796 4639 dedecus
1824 4572 1968 4651 fere,
1996 4580 2059 4637 et
2084 4572 2235 4637 falsa
2260 4575 2763 4659 magnanimitatis
2792 4575 2985 4661 specie
3012 4596 3267 4663 purgare

879 4662 1204 4745 cupientes.
1293 4661 1481 4728 Haud
1499 4666 1702 4727 tamen
1727 4658 1909 4745 longe
1935 4657 2121 4736 fusos,
2150 4668 2501 4744 sequuntur,
2532 4661 2673 4745 quis
2714 4659 3149 4727 O'Sullevsnus
3176 4684 3266 4727 re·

879 4750 1078 4833 ceptui
1124 4755 1330 4815 canere
1370 4747 1566 4834 jussit,
1615 4747 1991 4832 conspicatus
2020 4744 2358 4812 Johsnnein
2386 4745 2727 4813 Bustokum
2754 4768 2893 4815 cum
2922 4746 3267 4813 cohortibus
