3634 5842
424 744 562 789 car.
609 724 786 808 ναι]
1097 745 1181 789 ns
1223 742 1420 791 natm
1467 742 1835 797 Qumnncm
1878 746 2209 793 ani-tonnis.
2687 723 2809 786 225

420 903 483 963 et
509 897 891 965 tabernacula
918 898 1170 978 diruere,
1193 898 1454 964 interdiu
1480 922 1590 986 pro
1635 923 1807 966 muro
1836 902 2085 981 fortiter,
2117 905 2180 965 et
2221 896 2484 965 animose
2514 896 2810 974 dimicare,

420 994 608 1050 noctu
659 986 852 1051 facere
893 985 1126 1051 crebras
1174 986 1532 1073 eruptiones,
1584 986 1976 1066 excubitores,
2007 995 2068 1054 et
2119 986 2420 1052 circitores
2462 984 2809 1063 interficere,

417 1072 732 1137 tormentis
761 1071 958 1138 clavos
984 1073 1246 1160 infigere,
1279 1096 1398 1158 quo
1427 1072 1624 1153 modo,
1655 1074 1880 1161 majore
1907 1074 2263 1161 Anglorum,
2296 1092 2479 1159 quam
2508 1071 2811 1157 Hispano·-

417 1178 556 1223 rum
585 1158 750 1225 clade
779 1158 1135 1226 dimicatur:
1179 1182 1322 1225 nam
1371 1160 1434 1225 in
1478 1162 1841 1227 conserenda
1868 1183 2052 1227 manu
2102 1166 2193 1226 est
2222 1159 2482 1246 Hispani
2586 1157 2811 1222 dit-atus

417 1252 563 1310 nota
589 1246 852 1311 firmitas.
897 1246 1143 1312 Carolus
1173 1234 1316 1313 Mac
1344 1246 1621 1313 Cartha*
1656 1248 1893 1314 Ibernoe
1922 1248 2202 1327 cohortis,
2234 1267 2369 1333 quae
2398 1269 2471 1311 ex
2583 1244 2813 1331 ispania

417 1332 683 1417 profecta
710 1338 854 1411 erat,
887 1332 1010 1398 dux
1055 1340 1262 1399 contra
1306 1334 1540 1420 Anglos
1586 1335 1821 1400 fortiter
1847 1335 2121 1421 praelians
2150 1333 2599 1399 cecidit-occisis
2684 1331 2811 1395 rius

417 1417 656 1483 duobus
685 1420 906 1506 Anglis
935 1420 1208 1500 ducibuS,
1239 1427 1303 1486 et
1330 1420 1512 1486 clavis
1553 1428 1856 1487 tormento
1886 1422 2102 1487 infixis.
2147 1420 2451 1506 Principio
2482 1354 2809 1484 obsidionis

417 1502 854 1572 O’Sullevanus
881 1506 1116 1572 Bearrae
1144 1508 1420 1595 princeps
1450 1532 1486 1574 a
1511 1529 1763 1595 protege
1798 1517 2079 1575 evocatus
2128 1507 2375 1594 imperio
2422 1528 2546 1571 non
2588 1506 2807 1592 paruit,

413 1598 692 1658 causatus
737 1599 1008 1678 oportere
1054 1616 1118 1659 se
1168 1594 1330 1659 domi
1379 1601 1663 1681 spectare,
1711 1602 1782 1661 ut
1831 1597 1980 1661 fines
2008 1616 2149 1660 suos
2176 1595 2215 1659 a
2240 1593 2507 1659 finitimis
2533 1590 2809 1659 hostibus

413 1678 714 1759 defendat,
743 1702 882 1745 cum
933 1679 1290 1766 quibusdam
1347 1682 1736 1749 familiaribus
1786 1684 1912 1749 suis
1962 1683 2189 1761 fictum,
2242 1688 2420 1765 atque
2464 1680 2807 1749 simulatum

415 1762 636 1833 bellum
665 1789 868 1853 gerere
895 1768 1252 1853 incipiens.†

1177 1969 1290 1984 bun-o·—

1401 2174 1582 2241 CAP.
1635 2172 1823 2238 VIII.

568 2385 815 2445 Zubiaur
841 2385 897 2441 in
924 2386 1204 2443 Iber-niam
1228 2384 1474 2457 appellit,
1499 2391 1556 2437 et
1579 2400 1706 2437 cum
1730 2383 1935 2455 reginae
1960 2382 2128 2436 classe
2153 2376 2393 2437 secunde
2419 2367 2645 2455 pugnat.

408 2564 706 2630 Zunumn
753 2588 893 2631 cum
942 2562 1194 2630 navibus
1253 2570 1499 2649 septem,
1561 2560 1781 2647 quibus
1840 2563 2222 2642 munitiones,
2282 2571 2343 2628 et
2410 2573 2805 2633 commeatum

407 2649 682 2730 vehebat,
740 2670 948 2717 rursus
998 2650 1281 2736 Aquilam
1333 2656 1572 2713 secutus
1622 2648 1802 2733 juxta
1850 2649 2043 2713 Portu
2100 2650 2407 2715 castellum
2472 2652 2670 2735 (Cuan
2727 2677 2807 2719 an

407 2737 748 2823 Caishlean)
789 2737 1138 2823 (castellum,
1183 2742 1245 2800 et
1289 2742 1500 2822 portus
1548 2733 1813 2800 e'usdem
1862 2736 2122 2801 nominis
2150 2742 2244 2801 est
2276 2737 2343 2801 in
2374 2736 2639 2821 Ibemia)
2672 2762 2806 2805 non

407 2824 620 2911 procul
664 2825 703 2888 ὲ,
747 2823 1008 2911 scopulis
1059 2844 1259 2888 errans
1308 2820 1578 2908 periclita
1619 2827 1772 2886 atur.
1862 2822 2035 2888 Tunc
2088 2824 2369 2974 temporis
2404 2824 2575 2890 illum
2602 2825 2805 2891 locum

405 2908 812 2997 possidebant,
873 2911 1217 2997 DionysiuS,
1269 2908 1635 2993 DermysiuS,
1685 2907 2015 2989 Cornelius,
2074 2909 2205 2975 Tha
2246 2932 2387 2989 aeus,
2450 2918 2511 2976 et
2580 2912 2803 2978 Darius

408 2997 792 3064 O'Driscoloe
820 2998 1049 3077 fratres,
1120 2997 1186 3061 ui
1215 2995 1496 3062 Zubiauri
1523 2994 1754 3060 aditum
1799 2995 2208 3076 ostenderunt,
2240 3003 2303 3062 et
2330 2997 2639 3063 castellum
2681 3006 2804 3065 tra-

407 3084 690 3150 diderunt
711 3088 769 3168 :‡
816 3091 878 3150 et
927 3106 1065 3150 eum
1162 3082 1450 3170 ermysius
1480 3081 1569 3147 vir
1625 3081 1911 3167 prudens,
1942 3090 2005 3147 et
2030 3083 2264 3149 Latinae
2306 3082 2529 3170 lingum
2565 3108 2692 3153 non
2732 3087 2801 3152 in

405 3172 570 3237 scius
594 3173 767 3259 regni
795 3176 1020 3237 statum
1048 3170 1272 3237 docuit.
1362 3169 1538 3234 Brevi
1570 3168 1772 3234 classis
1799 3170 2022 3255 reginae
2071 3169 2296 3257 optime
2339 3171 2689 3257 instructa,ss
2738 3181 2800 3239 et
2819 3201 2999 3275 [γη]

407 3258 672 3325 militum
728 3281 980 3325 numero
1033 3258 1301 3344 superior
1393 3263 1591 3321 ortum
1635 3256 1907 3343 ingressa
1956 3255 2269 3323 Zubiauris
2316 3280 2498 3325 naves
2548 3283 2672 3326 non
2722 3262 2800 3329 ad

404 3366 672 3432 pugnam
723 3346 868 3411 satis
915 3347 1259 3424 instructas,
1289 3366 1320 3409 s
1445 3344 1751 3423 vectorias,
1781 3343 2161 3429 navigatione
2211 3352 2469 3426 vexatas,
2500 3352 2562 3411 et
2610 3348 2799 3413 littori

405 3433 752 3519 applicatas,
783 3438 964 3519 atque
991 3431 1300 3498 castellum
1329 3430 1822 3496 machinamentis
1848 3430 2084 3496 nudum
2112 3437 2545 3497 tormentorum
2575 3433 2799 3499 ictibus

403 3518 654 3605 impune
679 3518 970 3599 verberat,
999 3529 1062 3583 et
1085 3519 1202 3605 ipsi
1228 3518 1329 3582 An
1369 3516 1417 3581 li
1443 3517 1503 3581 in
1551 3522 1771 3582 terram
1823 3517 2159 3585 descensuri
2206 3517 2580 3585 videbantur.
2668 3520 2798 3586 Gae-

403 3612 601 3672 terum
629 3604 890 3673 Zubiaur
918 3607 957 3671 a
983 3605 1168 3672 Derm
1207 3604 1296 3669 sio
1367 3625 1401 3667 e
1428 3601 1607 3668 rebus
1637 3601 1873 3689 egregie
1901 3603 2167 3683 edoctus,
2199 3610 2260 3669 et
2300 3605 2651 3691 impendens
2680 3606 2797 3673 sibi

447 3692 737 3759 ericulum
780 3692 1112 3780 proevidens
1201 3691 1327 3769 ter,
1357 3712 1427 3755 ac
1456 3690 1678 3775 Aquila
1718 3690 1897 3769 fecit3
1944 3689 2159 3756 litteris
2186 3690 2383 3756 missis
2413 3690 2797 3759 O'Sullevani

667 3779 956 3867 principis
983 3778 1272 3845 auxilium
1299 3775 1542 3842 nomine
1568 3775 1863 3841 Catholici
1886 3776 2069 3863 Regis
2096 3776 2531 3861 imploraverat.
2579 3778 2794 3845 O’Sul-

403 3866 670 3967 levauus,
699 3874 762 3933 et
811 3874 980 3953 pater
1022 3887 1194 3930 meus
1239 3863 1607 3963 Dermysius,
1641 3862 1746 3949 qui
1775 3869 1921 3962 tunc
1942 3863 2030 3963 ‚in
2056 3862 2339 3929 Beantria
2382 3872 2569 3945 erant,
2600 3866 2797 3933 leucas

403 3973 719 4107 {illigas
743 3951 1229 4119 llizrtfflffiteblgm
1267 3949 2483 4124 izzrgifflljipsmqgngigfflispueattugssupgst
2494 3974 2681 4127 οξειὲῗι
2704 3961 2797 4105 ξ

406 4126 611 4194 electae
668 4128 1006 4214 juventutis
1069 4122 1160 4190 illi
1229 4130 1450 4212 praesto
1521 4124 1765 4188 fuerunt
1837 4122 2047 4189 eodem
2116 4127 2401 4212 temporis
2471 4134 2796 4207 momento,

404 4234 526 4301 quo
610 4213 797 4301 Angli
885 4216 950 4280 in
1031 4212 1239 4277 lintres
1322 4209 1692 4289 exsiliebant,
1778 4218 1853 4276 ut
1940 4210 2351 4297 Hispanorum
2435 4213 2801 4299 paucitatem

477 4463 504 4489 ⁶
539 4462 595 4515 A
637 4460 924 4515 Dermond
967 4457 1286 4529 M‘Garthy,
1333 4456 1623 4529 pensioner
1663 4448 1731 4511 of
1757 4456 1851 4511 the
1890 4456 2047 4528 King
2085 4457 2152 4511 of
2178 4456 2363 4528 Spain,
2414 4459 2460 4513 is
2484 4460 2801 4518 mentioned

409 4531 650 4600 (Pacata
675 4530 962 4595 Hibernia,
986 4549 1041 4602 p.
1071 4529 1206 4599 371)
1230 4546 1290 4583 aa
1313 4528 1482 4585 killed
1506 4528 1564 4581 in
1589 4528 1700 4583 this
1723 4527 1949 4583 mault.

480 4605 510 4671 f
545 4602 668 4657 Not
689 4602 988 4657 confirmed
1027 4601 1098 4685 b}
1123 4600 1334 4654 Pacata
1374 4597 1666 4666 Hibernia,
1703 4617 1759 4671 p.
1785 4602 1913 4653 400.
1988 4596 2152 4652 Nono
2192 4597 2259 4653 of
2285 4598 2379 4654 the
2412 4604 2701 4672 protected
2736 4623 2801 4660 or

408 4672 694 4745 pai-donet!
717 4673 972 4727 Munster
992 4670 1138 4726 Irish
1163 4688 1286 4725 rose
1303 4672 1447 4725 until
1473 4670 1786 4727 O'Donnell
1807 4686 1959 4727 came
1982 4679 2236 4742 amongst
2256 4671 2423 4727 them.

483 4746 514 4813 ζ
551 4744 762 4798 Pacata
784 4742 1072 4807 Hibernia,
1091 4760 1181 4815 pp.
1210 4745 1338 4805 400,
1360 4744 1487 4797 401.

760 4818 844 4879 29
