3634 5842
675 773 1014 818 rmurrus
1044 753 1512 818 o'sunnnunus
1541 773 1859 818 menam
1892 770 2229 830 calminio,
2261 771 2364 815 ω.
2601 751 2722 812 351

341 951 478 1019 quae
503 931 622 996 fuit
665 931 988 1018 antiquitas
1035 929 1395 1018 magnopere
1439 931 1728 998 admirata
1774 932 1922 999 libet
1949 930 2099 996 mihi
2127 929 2329 995 Ovidii
2356 929 2527 995 relati
2558 949 2731 992 versu

339 1017 716 1105 perelegante
744 1019 1102 1084 meminisse.

600 1188 692 1254 Ut
720 1189 927 1254 venus
957 1189 1196 1254 artificis
1221 1168 1389 1255 ωδε
1417 1196 1527 1270 eet,
1560 1198 1620 1256 et
1647 1190 1833 1276 gloria
1862 1189 1992 1268 coi,

601 1275 906 1361 AEquoreo
932 1275 1200 1342 madidas
1265 1298 1362 1342 uae
1392 1278 1611 1361 premit
1634 1275 1828 1342 imbre
1855 1298 2079 1341 comas:

602 1363 777 1427 Areis
809 1368 882 1426 ut
908 1364 1080 1428 Actae
1108 1361 1200 1428 vel
1231 1384 1266 1426 e
1305 1385 1493 1442 urnae,
1524 1363 1621 1428 vel
1647 1385 1797 1428 aerea
1826 1368 2029 1428 eustos

599 1447 828 1515 Bellica
853 1449 1140 1515 Phidiaca
1167 1448 1370 1514 stades
1395 1450 1556 1515 facta
1581 1471 1764 1514 manu
1789 1477 1802 1514 ε

602 1534 887 1601 Vindicat
913 1542 985 1600 ut
1012 1535 1310 1601 Chalamis
1337 1534 1594 1614 laudem,
1626 1556 1777 1622 quos
1805 1535 1966 1615 fecit,
1997 1555 2285 1621 equorum
2312 1560 2325 1598 ε

603 1621 697 1686 Ut
724 1623 931 1688 similis
957 1643 1112 1688 verae
1139 1644 1318 1688 vacca
1345 1621 1618 1709 Myronis
1647 1645 1819 1709 opus.

435 1794 536 1860 Sic
563 1799 633 1859 tu
661 1794 857 1878 (crede
882 1793 1034 1860 mihi
1061 1793 1326 1860 Michael
1353 1794 1620 1878 Cantuli)
1647 1794 1840 1860 multb
1860 1795 2091 1880 potiore
2112 1795 2268 1880 jure,
2284 1791 2478 1859 multo
2493 1793 2737 1880 justior-

347 1879 514 1947 ribus
531 1880 724 1946 titulis
744 1881 835 1947 tui
855 1881 1115 1946 nominis
1151 1882 1370 1948 famam
1399 1881 1516 1947 hoc
1537 1903 1714 1968 opere
1732 1879 1913 1968 longe
1932 1881 2169 1967 lateque
2218 1903 2325 1967 pro
2480 1878 2592 1959 bis,
2613 1903 2737 1946 non

348 1967 528 2033 modo
564 1968 932 2068 principibus
981 1966 1236 2068 Ibernis,
1291 1969 1396 2068 qui
1445 1968 1720 2068 historias
1767 1990 2002 2068 semper
2049 1968 2290 2033 maximi
2350 1973 2612 2046 ecerunt,
2642 1990 2739 2033 ac-

349 2053 1698 2240 ᾭΡῦῗέιόῃζᾱκῖἒξζὲἐῖΐῖἒῃἷέἓῗωῗῑῗὲ
1725 2054 2250 2227 ῗέἒὲἓῖᾞῗω
2279 2053 2743 2240 ξὲἔιῗῗῗιὶἕῗέἓὲ

349 2250 477 2294 non
503 2227 698 2294 solum
746 2227 942 2308 nobis,
987 2225 1091 2292 sed
1139 2229 1360 2315 partim
1407 2229 1634 2315 patriae,
1685 2229 1898 2315 partim
1948 2229 2151 2294 amicis
2199 2230 2328 2293 nati
2352 2229 2598 2308 fuimus,
2616 2228 2743 2294 hae

349 2313 677 2381 honorifica
722 2313 1135 2382 lucubratione
1192 2315 1258 2380 in
1314 2314 1510 2382 lucem
1567 2315 1784 2382 emissa
1828 2317 2056 2402 pati-ite,
2104 2321 2169 2380 et
2210 2315 2415 2381 amieis
2488 2336 2744 2402 pensum

353 2402 566 2466 solves.
652 2401 755 2466 Ad
781 2403 910 2468 haec
938 2402 1244 2488 religionis
1273 2409 1396 2468 tuae
1425 2403 1835 2468 sacratissimae
1860 2404 1927 2468 in
1954 2401 2219 2469 medium
2248 2401 2617 2468 consulentis
2644 2423 2745 2468 ex·

221 2511 233 2522 ·
353 2487 615 2574 emplum
675 2486 1018 2568 imitaberis,
1076 2511 1318 2572 remque
1375 2489 1554 2554 facies
1613 2490 1767 2555 divis
1838 2488 2019 2574 longe
2078 2489 2495 2574 gratissimam.
2597 2487 2745 2554 Ber-

353 2574 642 2659 lingerius
666 2574 761 2657 (ut
785 2573 930 2658 legi)
951 2573 1172 2639 nobilis
1199 2575 1575 2653 Tarentinus,
1607 2575 1713 2660 qui
1739 2579 2025 2640 nostratis
2053 2573 2197 2640 Divi
2225 2573 2500 2640 cathaldi
2526 2573 2747 2640 Taren-

355 2661 620 2725 tinorum
661 2659 940 2724 Praesidis
968 2661 1152 2725 vitam
1182 2660 1418 2746 seriptis
1461 2660 1796 2740 celebravit,
1826 2661 2189 2726 Panormum
2278 2659 2537 2726 rofectus
2565 2660 2750 2726 tantis

360 2745 665 2813 doloribus
692 2745 936 2832 repente
967 2745 1301 2832 corripitur,
1331 2753 1400 2810 ut
1431 2748 1533 2832 opi
1559 2747 1837 2813 humanae
1866 2769 2110 2834 prorsus
2139 2745 2196 2811 d·
2264 2745 2386 2812 dat.
2452 2745 2750 2812 caeterum

359 2832 634 2900 Cathaldi
652 2833 769 2899 fide
784 2832 1098 2919 implorata
1116 2831 1316 2898 subito
1335 2855 1398 2898 se
1418 2831 1572 2899 bene
1588 2831 1819 2914 habuit,
1841 2832 2123 2920 brevique
2130 2859 2150 2912 3
2182 2833 2502 2899 convaluit.
2532 2832 2746 2922 Voluit

359 2921 518 2988 enim
548 2920 722 2986 divus
747 2918 1011 2986 laborem
1060 2920 1362 3007 scriptoris
1414 2919 1488 2987 de
1539 2943 1603 2986 se
1648 2918 1800 2986 bene
1843 2921 2041 2986 meriti
2067 2927 2311 2987 servatae
2336 2920 2476 2986 vitae
2502 2920 2747 3020 praemio

358 3029 750 3074 remunerare.
840 3006 981 3078 Quo
1007 3006 1198 3094 liquet
1225 3030 1320 3074 ma
1405 3030 1458 3074 ω
1485 3029 1642 3074 eurae
1670 3008 1901 3093 superis
1928 3029 2055 3072 esse
2082 3029 2201 3086 eos,
2234 3007 2337 3094 qui
2377 3014 2561 3094 gestis
2588 3007 2610 3071 i
2654 3027 2747 3072 so-

359 3117 496 3161 rum
525 3094 852 3160 scribendis
881 3116 1060 3180 opera
1107 3096 1310 3181 impen
1353 3101 1484 3160 unt.
1572 3093 1756 3168 Quod
1801 3094 1888 3159 ita
1936 3095 2073 3160 cum
2122 3095 2218 3175 sit,
2263 3093 2611 3180 quandoqui
2652 3115 2749 3159 em

359 3189 430 3248 tu
457 3181 787 3247 multorum
813 3179 1107 3247 Divorum
1135 3182 1292 3248 facta
1319 3183 1712 3260 exornaveris,
1743 3179 1819 3248 ab
1862 3181 2000 3261 illis,
2046 3189 2107 3247 et
2156 3181 2195 3245 a
2242 3181 2376 3247 Deo
2400 3180 2546 3267 Opt.
2578 3179 2747 3246 Max.

362 3270 535 3356 cujus
585 3269 1032 3354 omnipotentia,
1072 3275 1136 3334 et
1175 3268 1575 3334 misericordia
1617 3289 1923 3334 servorum
1966 3268 2263 3334 miraculis
2292 3268 2465 3348 clara,
2495 3273 2558 3334 et
2583 3267 2750 3333 illus-

361 3355 472 3420 tris
501 3354 854 3435 ostenditur,
873 3354 1064 3421 sancti
1087 3355 1305 3421 laboris
1335 3355 1661 3421 mercedem
1689 3356 1756 3421 in
1787 3357 1961 3435 terra,
1986 3361 2047 3420 et
2072 3356 2138 3421 in
2167 3355 2312 3421 caelo
2340 3360 2751 3441 exaggeratam

363 3441 2115 3596 §222⁰ss532⁰f303121'0‘5533'·..1.{³51ff.50'3'12'5.:¹¹2·⁸i⁰¹¹{?132⁵2
2136 3449 2337 3595 22¹2?
2384 3447 2753 3593 affigi...

365 3617 574 3696 nitate,
626 3615 850 3682 civium
877 3551 1095 3695 agore,
1155 3618 1264 3682 tu&
1318 3553 1513 3696 laude?
1573 3552 1955 3703 sapientbdiu
1977 3615 2214 3696 'udicio,
2274 3551 2410 3681 tua?
2451 3549 2755 3700 religiougis

367 3701 658 3802 exemplo,
687 3702 981 3768 Divorum
1011 3701 1198 3783 cultu,
1245 3702 1363 3769 Dei
1391 3703 1600 3790 gloria,
1618 3702 1949 3769 certissimo
2002 3701 2196 3769 aboris
2216 3701 2461 3789 praemio
2494 3702 2655 3787 (quae
2694 3706 2757 3766 te

369 3809 567 3854 omma
593 3789 670 3855 ad
698 3811 851 3876 opus
879 3789 1172 3855 edendum
1223 3789 1566 3875 hortantur)
1615 3789 1810 3856 ullum
1861 3797 2277 3876 argumentum
2326 3787 2486 3876 apud
2528 3795 2591 3853 te
2632 3809 2759 3854 esse

371 3875 663 3942 efficacius
693 3876 1108 3958 existimarem.
1195 3875 1364 3943 Vale.
