3634 5842
902 666 983 726 98
1259 666 1669 733 o’suLLEvAm
1713 689 2029 743 msa-onus
2060 690 2446 751 cunonem,
2478 693 2608 741 'ron
2653 693 2727 738 11.
2996 674 3153 759 [mn.
3200 696 3277 742 11.

1930 888 2113 955 CAP.
2154 889 2236 955 V.

1447 1054 1533 1107 De
1562 1053 1842 1115 O’Morris
1866 1060 1923 1108 et
1949 1052 2405 1109 O’Conchuribus
2434 1052 2707 1126 Ophaliis.

897 1190 1096 1259 Ham>
1125 1192 1230 1257 diu
1257 1197 1394 1279 post
1419 1191 1685 1277 Lagenia
1711 1190 2022 1277 tyrannide
2048 1198 2110 1257 et
2136 1190 2403 1257 tumultu
2432 1192 2721 1278 quatitur.
2790 1189 3071 1276 Namque
3096 1190 3283 1257 Lisia>

894 1280 1261 1366 principatus
1308 1278 1423 1344 fuit
1479 1279 1574 1363 (ut
1629 1279 1901 1363 superius
1950 1278 2229 1363 vidimus)
2288 1276 2589 1344 O’Morrae
2637 1278 2948 1363 ademptus
2992 1284 3055 1342 et
3098 1278 3283 1363 regiae

895 1388 1128 1433 coronae
1185 1365 1474 1431 addictus.
1562 1364 1744 1436 Quod
1798 1366 2007 1449 iniquo
2064 1365 2257 1431 ferens
2313 1365 2511 1431 animo
2569 1364 2925 1430 Rothericus
2976 1363 3279 1430 O'Morrae

893 1452 1054 1518 filius
1100 1460 1405 1539 paternam
1449 1451 1855 1529 hazreditatem
1911 1454 2089 1517 armis
2144 1459 2546 1537 recuperatam
2595 1474 2781 1517 annos
2820 1451 2968 1516 sex*
2996 1454 3276 1517 acerrima

894 1540 1276 1606 contentione
1302 1545 1524 1618 tuetur,
1555 1538 1732 1604 modo
1760 1539 1982 1604 faciens
2030 1539 2321 1617 inducias,
2367 1539 2545 1604 modo
2596 1539 2779 1604 finitis
2826 1538 2947 1603 illis
2986 1560 3281 1604 renovans

895 1626 1139 1692 bellum.
1228 1626 1430 1712 Hujus
1465 1634 1680 1712 praeter
1725 1624 1873 1690 alios
1921 1626 2019 1691 hic
2067 1626 2184 1691 fuit
2226 1624 2621 1691 memorabilis
2650 1630 2923 1691 eventus.
3010 1625 3113 1691 Cae
3152 1635 3279 1691 erat

896 1712 1055 1798 bello
1085 1714 1562 1799 Harringtonum
1607 1712 1839 1797 regium
1884 1712 2303 1791 consiliarium,
2348 1719 2410 1777 et
2438 1711 2841 1778 Alexandrum
2871 1712 3070 1799 Cosby
3152 1714 3282 1777 isiae

897 1801 1244 1887 praefectum
1271 1799 1526 1885 Anglos.
1614 1797 1853 1870 Quibus
1882 1799 1958 1865 de
1984 1799 2343 1865 redimendis
2370 1797 2557 1886 Angli
2598 1821 2705 1885 per
2754 1798 3025 1865 inducias
3066 1806 3279 1885 agunt.

900 1885 1025 1952 Sub
1053 1888 1212 1952 idem
1249 1894 1484 1972 tempus
1512 1886 1816 1951 Rotherici
1845 1892 2089 1952 venator
2130 1886 2317 1952 iratus
2366 1885 2445 1951 ob
2486 1886 2771 1951 mulctam
2814 1885 2932 1952 sibi
2971 1909 3007 1951 a
3035 1885 3289 1952 domino-

893 1973 1214 2059 irrogatam
1261 1974 1337 2038 ad
1377 1972 1612 2058 Anglos
1661 1973 2022 2060 transfugit:
2068 1996 2206 2039 cum
2250 1972 2485 2059 illisque
2534 1973 2661 2059 agit
2706 1972 2780 2037 de
2808 1973 3127 2039 Rotherico
3155 1980 3277 2038 tra-

897 2060 1110 2139 dendo,
1143 2060 1570 2146 Harringtone,
1631 2058 1967 2145 Cosbioquc
2014 2060 2081 2125 in
2134 2059 2469 2127 libertatem
2526 2059 2873 2125 asserendis,
2976 2060 3277 2125 Venatore

897 2146 1046 2211 duce
1078 2146 1142 2211 H
1285 2146 1308 2211 l
1337 2146 1590 2232 Auglus,
1619 2168 1758 2211 cum
1805 2145 2093 2212 militibus
2140 2146 2410 2213 ducentis
2454 2147 2531 2213 in·
2570 2146 2958 2213 Rothericum
3005 2147 3093 2213 ire
3134 2169 3275 2212 con-

893 2234 1106 2299 tendit.
1282 2240 1621 2297 nstruxerat
1648 2232 2005 2299 Rothericus
2047 2232 2491 2300 tabernaculum
2519 2234 2585 2299 in
2614 2232 2809 2298 media
2839 2234 3188 2299 densissima
3212 2241 3276 2299 et

891 2320 1177 2407 impedita
1203 2320 1384 2406 sylvA,
1413 2318 1686 2405 valloque
1733 2320 2048 2399 munierat,
2094 2320 2170 2385 ad
2221 2319 2380 2406 quod
2426 2319 2659 2386 duobus
2706 2319 3017 2387 itineribus
3044 2327 3276 2408 poterat

892 2408 1060 2473 adiri.
1147 2406 1242 2471 Eo
1270 2429 1408 2472 cum
1437 2415 1679 2472 venator
1705 2406 2059 2493 intempesta
2086 2412 2263 2473 nocte
2304 2406 2569 2472 duxisset
2599 2411 2642 2443 “
2659 2406 2799 2473 hle’
2828 2408 3044 2493 inquit,
3092 2413 3135 2443 “
3154 2408 3278 2473 Ro-

893 2493 1152 2559 thericus
1182 2494 1419 2573 dormit,
1451 2516 1588 2559 cum
1616 2496 1861 2572 uxore,†
1904 2494 1947 2557 J
1948 2492 2180 2559 ohanne
2224 2492 2527 2573 O'MorrA,
2556 2496 3017 2580 consanguinem
3047 2501 3109 2560 et
3136 2516 3275 2561 sene

891 2604 1038 2659 uno,
1083 2591 1144 2646 et
1193 2580 1374 2645 habet
1425 2580 1895 2665 Harringtonem
1945 2587 2007 2645 et
2053 2579 2337 2646 Cosbium
2386 2580 2639 2646 vinctos.
2728 2581 2846 2647 Sed
2875 2582 3013 2667 quia
3060 2588 3154 2647 est
3202 2583 3275 2646 ed

769 2670 778 2679 ⁴
894 2667 1140 2734 audacia
1166 2674 1227 2733 et
1254 2667 1492 2747 virtute,
1525 2690 1703 2753 quam
1731 2689 1837 2732 vos
1888 2668 2031 2733 estis
2077 2665 2231 2754 saepe
2270 2666 2514 2754 experti,
2544 2668 2831 2754 imponite
2874 2668 2965 2735 illi
3007 2669 3122 2735 hoc
3150 2676 3275 2733 rete

758 2781 763 2788 ’
896 2756 1058 2841 quod
1115 2778 1227 2841 ego
1286 2755 1446 2819 soleo
1506 2755 1691 2820 cervis
1747 2753 2073 2833 intendere,
2113 2775 2191 2819 ne
2246 2754 2457 2820 evadat
2512 2753 2616 2820 illa
2642 2754 2962 2835 faelicitate,
3012 2756 3131 2841 qua
3160 2754 3274 2821 alia

893 2841 1168 2994 {33}ssss
1189 2840 2685 2994 5⁸33&“gffiffiffiffffifflnfflffi
2712 2951 2786 2994 21
2846 2842 3041 2995 Ῑὲᾱῗὲιῗ
3057 2844 3275 2995 55¹3?

893 3015 1154 3081 thericus
1182 2980 1256 3080 ex
1297 3015 1625 3102 ergefactus
1675 3016 1874 3081 animo
1887 2978 1908 3009 ’
1920 3016 2399 3103 praesentissimo‚
2428 3015 2633 3081 stricto
2684 2952 2883 3101 gladio
2914 2978 3271 3102 Harringto-

893 3124 1036 3166 nem
1064 3109 1124 3165 et
1151 3100 1269 3167 Cos
1313 3103 1456 3182 ium,
1487 3109 1693 3187 quater
1722 3108 1828 3167 aut
1855 3102 2168 3187 quinquies
2197 3101 2482 3167 verberat.
2524 3100 2930 3168 Tabemaculo
2958 3125 3270 3189 erumpens

896 3186 1242 3273 Harpolem,
1274 3189 1378 3273 qui
1421 3188 1728 3274 proximus
1777 3197 1905 3254 erat
1953 3188 2129 3267 ostio,
2158 3188 2314 3254 ferro
2358 3188 2590 3254 fortiter
2616 3190 2889 3275 perculit,
2919 3212 3031 3255 nec
3072 3196 3271 3255 tamen

893 3274 1166 3339 vulnerat
1193 3274 1566 3361 cataphracta
1591 3274 1913 3354 munitum,
1942 3273 2218 3339 omnibus
2244 3276 2483 3341 incusso
2509 3298 2725 3362 pavore
2744 3276 2887 3343 binc
2914 3276 3053 3341 inde
3074 3298 3273 3342 ensem

893 3360 1230 3439 verberans,
1259 3384 1366 3446 per
1391 3362 1619 3427 medios
1648 3362 1851 3428 hostes
1893 3360 2207 3427 incolumis
2265 3362 2473 3441 evasit,
2504 3364 2942 3463 consanguineo
2972 3372 3273 3449 sequente.

897 3447 1068 3525 Uxor
1096 3449 1224 3535 ejus
1253 3455 1315 3513 et
1343 3470 1523 3515 senex
1561 3447 1634 3513 ab
1679 3448 1973 3514 haereticis
2022 3447 2468 3514 tabernaculum
2493 3450 2775 3536 ingressis
2816 3450 3271 3516 interficiuntur.

898 3534 1271 3621 Harrington
1329 3536 1586 3621 graviter
1641 3534 1987 3601 vulneratus
2044 3534 2299 3601 maxime
2355 3536 2503 3602 laevo
2560 3536 2823 3617 brachio,
2881 3537 2987 3603 sed
3056 3536 3277 3603 illaesus

896 3621 1149 3687 Cosbius
1179 3620 1341 3708 quod
1371 3622 1689 3688 Rotherieo
1717 3622 1983 3688 coedeute
2033 3620 2143 3689 sub
2177 3621 2643 3709 Harringtonem
2688 3646 2815 3689 sese
2857 3621 3182 3703 abdiderat,
3209 3624 3274 3689 in

895 3708 1231 3775 libertatem
1282 3709 1720 3791 vindicantur.‡
1830 3708 2080 3795 Aliquot
2151 3716 2289 3795 post
2346 3708 2555 3775 diebus
2612 3703 2926 3796 quingenti
2974 3711 3163 3797 Anin
3216 3719 3277 3776 et

899 3797 1121 3877 Iberni,
1153 3797 1258 3882 qui
1285 3797 1648 3883 stipendium
1669 3794 1994 3875 merebant,
2026 3795 2175 3862 duce
2194 3796 2335 3863 ‘Mac
2358 3794 2814 3883 Gulliphadrigo
2838 3797 3096 3883 Ossyrioe
3115 3798 3275 3885 prin-

897 3883 1620 4056 iii'gtffisl'ssimpfflfflss
1649 3882 1880 4035 fifflff'
1898 3882 2796 4056 ossssssssotfflssffssffibipffl
2811 3884 3273 4056 {iffi-Qum?

773 4124 784 4139 ,
895 4058 1160 4122 hostium
1188 4078 1341 4121 vires
1381 4062 1442 4121 et
1485 4057 1600 4121 iter
1645 4056 2017 4142 exploratum
2062 4057 2126 4122 in
2176 4056 2437 4122 medium
2490 4080 2693 4123 eorum
2721 4058 2873 4123 forte
2898 4058 3111 4125 incidit
3136 4080 3273 4123 cum

729 4375 873 4441 [aa]

897 4142 1132 4209 duobus
1171 4148 1409 4241 tantum
1453 4143 1787 4243 comitibus,
1828 4164 1968 4207 cum
2018 4142 2235 4244 quibus
2276 4142 2482 4245 multis
2504 4143 2853 4244 paluel-ibus
2896 4146 3269 4245 perimitur.§

899 4230 997 4297 Ob
1015 4232 1186 4319 cujus
1202 4252 1286 4295 rel
1303 4251 1592 4294 nuncium
1609 4228 1825 4293 mlhtes
1845 4228 2149 4295 Rothenci
2166 4234 2257 4295 ua
2275 4238 2484 4315 perc1t1
2498 4254 2565 4296 m
2593 4232 2794 4297 hostes
2814 4254 3011 4297 ammo
3039 4228 3273 4297 vindica

895 4319 1151 4398 irruunt,
1181 4338 1398 4401 eosque
1425 4316 1705 4395 fundunt,
1737 4322 1915 4401 atque
1941 4316 2213 4402 pluribus
2240 4317 2563 4383 interfectis
2594 4318 2718 4384 dux
2744 4340 2899 4403 equo
2926 4319 3028 4384 vix
3054 4319 3229 4405 fugit.
3240 4322 3269 4403 ΙΙ

969 4460 994 4487 ⁰
1031 4458 1099 4514 Ei
1139 4456 1302 4511 hteen
1339 4472 1514 4529 years.
1546 4456 1844 4527 Dmoling's
1887 4454 2093 4511 Annals
2112 4479 2129 4510 .-
2182 4454 2373 4529 datiu'g
2397 4454 2677 4579 ¹probably
2712 4453 2859 4510 from
2899 4456 2996 4511 the
3032 4456 3195 4511 death
3218 4456 3286 4512 of

901 4530 1109 4585 Connal
1159 4528 1390 4583 O'More
1433 4528 1816 4600 (grandfather
1860 4526 1927 4582 of
1954 4526 2113 4600 Rory
2158 4525 2325 4600 030),
2349 4546 2397 4581 w
2436 4545 2469 4581 o
2516 4543 2625 4581 was
2663 4526 2881 4599 hanged
2919 4534 2979 4581 at
3018 4526 3275 4601 Leighlin

897 4600 1022 4809 ‚brif
1062 4599 1566 4742 ebrAddzetIZZ—Itler,
1591 4670 2031 4743 cousin-german
2072 4667 2137 4723 of
2165 4666 2342 4722 Black
2366 4666 2626 4735 Thomas,
2646 4666 2789 4724 Earl
2815 4669 2880 4724 of
2911 4669 3209 4726 Ormonde.

1037 4740 1188 4796 Aa).
1216 4739 1369 4801 1577.
1421 4740 1577 4804 Ὀοι,
1599 4760 1655 4812 p.
1681 4742 1805 4795 330.

970 4818 1000 4881 9·
1038 4810 1190 4866 AJ).
1224 4813 1376 4873 1578,
1400 4810 1546 4865 June
1571 4816 1662 4866 30.
1738 4814 1844 4867 See
1868 4810 2008 4875 Cox,
2034 4810 2141 4864 and
2168 4808 2548 4866 O'Donovan’a
2574 4814 2613 4846 “
2631 4808 2787 4867 Four
2812 4808 3109 4867 Masters.”
