3634 5842
927 686 1051 750 256
1342 682 1758 749 o'sunnsvam
1793 701 2103 747 ms‘ronnu
2150 700 2535 758 carrionem,
2578 700 2707 745 ron
2753 698 2851 745 111.
2968 680 3123 761 [us.
3172 701 3313 745 vm.

923 857 1142 921 frustra
1197 854 1489 936 obsident,
1549 854 1967 933 O’Sullevano,
2028 860 2089 919 et
2144 853 2287 919 Mac
2332 852 2539 917 Guieri
2566 852 2801 917 obviam
2851 854 2938 918 ire
2986 855 3311 941 cupientes.

925 940 1377 1022 O'Sullevanus‚
1409 952 1470 1007 et
1499 942 1640 1007 Mac
1669 942 1857 1007 Guier
1877 940 2142 1007 millibus
2169 963 2453 1027 passuum
2483 962 2586 1004 sex
2613 939 2769 1005 ultra
2796 940 3015 1005 vadum
3042 963 3113 1006 ea
3138 948 3315 1008 nocte

923 1027 1336 1094 consederunt.
1425 1028 1721 1094 Postridie
1769 1049 1909 1093 cum
1960 1028 2382 1113 comperissent
2410 1027 2611 1092 hostes
2640 1026 2715 1091 ad
2743 1026 2965 1093 vadum
2991 1028 3057 1093 in
3082 1028 3313 1093 insidiis

922 1114 1209 1195 distineri,
1239 1138 1448 1182 eorum
1475 1126 1667 1181 castra
1695 1136 1831 1201 quae
1858 1136 1963 1179 sex
1988 1112 2118 1179 aliis
2146 1112 2411 1179 millibus
2447 1135 2733 1200 passuum
2761 1112 3025 1191 aberant,
3054 1115 3317 1201 aggressi

921 1203 1203 1287 capiunt:
1248 1202 1314 1267 in
1371 1202 1492 1268 illis
1519 1224 1589 1267 ea
1616 1202 1731 1281 die,
1763 1208 2057 1288 nocteque
2084 1207 2526 1267 commorantur
2568 1200 3113 1287 propugnatoribus
3144 1203 3315 1287 quin-

923 1289 1211 1375 quaginta
1237 1288 1506 1374 patibulo
1535 1288 1857 1375 suspensis,
1887 1295 1949 1352 et
1997 1310 2213 1374 magna
2256 1292 2676 1366 armentorum,
2723 1310 3090 1374 gregumque
3118 1288 3317 1388 praeda

921 1382 1299 1462 congregata.
1387 1376 1634 1441 Postero
1664 1375 1760 1440 die
1790 1374 1933 1440 Mac
1962 1373 2148 1440 Guier
2174 1380 2337 1439 ratus
2366 1396 2495 1439 eam
2524 1382 2922 1461 opportunam
2950 1397 3315 1441 occasionem

923 1462 1230 1548 praedandi
1282 1484 1403 1549 qua
1450 1462 1652 1529 hostes
1703 1462 1780 1527 ad
1828 1461 2047 1527 vadum
2096 1460 2359 1527 millibus
2408 1483 2691 1547 passuum
2742 1460 3055 1527 duodecim
3092 1461 3317 1527 distans

923 1549 1433 1635 praestolabantur,
1466 1571 1605 1615 cum
1633 1547 1927 1615 militibus
1977 1547 2248 1614 ducentis
2290 1547 2598 1636 expeditis,
2646 1550 2853 1613 castris
3005 1570 3171 1614 assus
3213 1570 3318 1635 per

920 1637 1134 1788 ῗοοίοε,
1164 1644 1224 1702 et
1253 1638 1516 1788 fautolres
1544 1636 1883 1789 Anglzlrum
1908 1636 2276 1788 {tacui-aiones
2302 1636 2570 1787 ffltffm
2596 1636 2927 1787 ifggffloen
2936 1636 3038 1788 b‘t.
3083 1634 3178 1788 g
3174 1635 3315 1788 L8112]-

921 1745 1537 1877 &ffiaffzfflessss
1565 1746 1774 1875 ffis
1803 1744 2225 1888 ‘'nifflffi
2256 1744 2426 1895 {uju‘ss
2461 1744 3085 1888 aissssntufflssefissss
3118 1745 3315 1897 oppa?

919 1903 1196 1977 meretur,
1247 1898 1456 1963 castris
1507 1896 1770 1982 direptis,
1813 1895 2072 1963 incensis
2115 1896 2389 1961 tentoriis
2416 1894 2492 1960 ad
2520 1894 2894 1961 Alfarcanam
2926 1896 3169 1962 densam
3198 1896 3313 1983 syl-

917 2006 1054 2047 vam
1083 2005 1223 2048 cum
1250 1983 1454 2069 spoliis
1483 2006 1546 2049 se
1572 1984 1814 2069 recepit.
1903 1982 2263 2048 Brevissimo
2292 1989 2429 2135 psat
2456 1988 2722 2069 tempore
2751 1982 2970 2063 hostes,
3000 1982 3107 2068 qui
3134 1982 3313 2048 allato

917 2078 1244 2134 castrorum
1295 2076 1788 2155 expugnatorum,
1837 2069 2169 2156 praedaeque
2218 2068 2293 2133 ab
2352 2076 2430 2133 tae
2472 2069 2692 2134 nuncio
2736 2070 2861 2134 suis
2890 2070 3140 2155 navigiis
3168 2075 3313 2134 sunt

913 2156 1151 2235 reversi,
1181 2179 1306 2221 non
1331 2156 1540 2242 procul
1567 2156 1820 2242 expositi
1849 2177 1988 2221 cum
2035 2156 2102 2219 in
2151 2154 2533 2220 O'Sullevani
2583 2163 2965 2242 conspectum
3015 2157 3311 2243 pervenis-

915 2250 1068 2321 sent,
1099 2242 1284 2308 aciem
1313 2242 1545 2307 vindice
1574 2244 1772 2308 animo
1801 2248 2177 2307 construunt.
2268 2240 2701 2308 O’Sullevanus
2730 2244 2921 2329 primo
2948 2243 3083 2308 loco
3114 2243 3309 2329 dispo-

917 2329 1061 2394 sitos
1108 2335 1364 2395 armatos
1409 2327 1654 2409 habens,
1707 2329 1744 2393 a
1786 2336 1957 2415 tergo
2004 2328 2258 2407 calones,
2310 2350 2546 2413 pueros,
2598 2336 2777 2415 atque
2805 2330 3069 2395 faeminas
3098 2330 3309 2415 longos

917 2416 1150 2503 stipites
1199 2438 1310 2502 pro
1335 2416 1523 2483 hastis
1571 2421 1862 2501 gerentes,
1914 2414 2080 2481 velut
2124 2415 2189 2480 in
2222 2414 2501 2481 subsidiis
2530 2415 2800 2497 collocat,
2828 2424 2900 2481 ut
2928 2416 3311 2483 multitudine

917 2503 1078 2568 hosti
1105 2504 1398 2569 incuteret
1424 2510 1726 2569 terrorem.
1815 2502 1993 2588 Regii
2034 2501 2329 2581 fiduciam,
2405 2525 2541 2568 uam
2583 2502 3017 2569 USuHevanus
3046 2505 3130 2569 rei
3160 2502 3309 2569 bene

917 2590 1192 2676 gerendae
1220 2612 1342 2677 prae
1363 2613 1427 2655 se
1443 2588 1687 2670 ferebat,
1717 2588 2009 2670 admirati,
2028 2597 2090 2654 et
2116 2587 2290 2654 multi
2363 2524 2584 2669 dinem,
2607 2591 2779 2677 cujus
2808 2590 2967 2656 fama
2993 2590 3171 2657 etiam
3199 2613 3311 2655 nu-

917 2699 1150 2743 merum
1197 2676 1531 2764 superabat,
1563 2676 1967 2763 contemplati,
2016 2675 2157 2742 Mac
2188 2676 2468 2741 Guierem
2516 2699 2652 2741 cum
2703 2676 2993 2742 militibus
3037 2677 3307 2743 ducentis

919 2763 1124 2830 abesse
1149 2764 1362 2850 ignari,
1393 2765 1651 2829 multum
1680 2763 1839 2830 diem
1885 2764 2171 2849 ancipites
2214 2769 2593 2843 consumunt,
2624 2786 2704 2829 an
2746 2763 3019 2849 expediat
3044 2786 3309 2850 pugnam

917 2851 1336 2917 committere?
1423 2850 1666 2917 Interea
1714 2850 1829 2916 sub
1880 2872 2189 2937 vesperum
2236 2850 2378 2916 Mac
2407 2848 2595 2915 Guier
2646 2873 2784 2916 cum
2825 2852 3068 2935 ingente
3110 2851 3309 2937 praeda

915 2938 1230 3004 incolumis
1258 2939 1434 3004 redit.
1521 2938 1698 3024 Regii
1725 2960 1895 3003 suam
1924 2944 2142 3001 sortem
2191 2944 2548 3017 execrantes,
2580 2937 2741 3023 quod
2770 2936 3152 3003 O’Sullevani
3182 2946 3307 3003 arte

913 3024 1105 3089 delusi
1133 3025 1440 3091 victoriam
1470 3046 1542 3089 ex
1572 3024 1848 3089 manibus
1901 3022 2251 3103 dimiserint,
2295 3023 2508 3109 pedem
2549 3023 2831 3103 referunt,
2861 3031 3188 3091 castrorum
3218 3023 3306 3089 di-

911 3118 1236 3196 reptorum,
1284 3110 1616 3209 praedaeque
1666 3111 1895 3175 amissae
1938 3116 2141 3188 testes,
2193 3118 2255 3174 et
2281 3111 2481 3175 animo
2510 3110 2721 3175 tuendi
2748 3117 2985 3175 tantum
3012 3110 3303 3198 praesidia,

913 3216 1048 3283 quae
1075 3196 1142 3261 in
1167 3196 1334 3262 lacus
1359 3196 1572 3262 insuhs
1600 3195 1917 3275 habebant,
1950 3194 2139 3261 donec
2168 3194 2466 3261 uberiores
2494 3198 2679 3283 copiae
2708 3196 2974 3263 subsidio
3003 3199 3303 3263 mitteren-

913 3291 1015 3349 tur
1062 3284 1299 3369 navigia
1339 3290 1573 3369 petunt.
1661 3282 1810 3364 Erat
1855 3283 1922 3347 in
1968 3282 2200 3362 itinere,
2248 3304 2369 3367 quo
2418 3282 2773 3349 tendebatur
2800 3283 2876 3348 ad
2904 3306 3103 3364 naves,
3132 3292 3305 3350 vetus

913 3370 1352 3436 munimentum
1380 3369 1697 3449 desertum,
1729 3368 1763 3435 ὲ
1790 3369 2038 3434 minutis
2065 3368 2365 3455 lapidibus
2408 3370 2736 3450 conditum,
2764 3372 2925 3436 fossa
2952 3372 3303 3457 circumsep-

910 3465 1062 3537 tum,
1093 3463 1156 3523 et
1175 3457 1347 3523 celsis
1373 3455 1684 3523 arboribus
1729 3456 1806 3522 ad
2026 3456 2180 3521 'nem
2230 3456 2527 3521 consitum
2562 3456 2834 3540 (O’Nelli
2861 3464 3124 3523 castrum
3146 3458 3302 3523 indi-

912 3545 1083 3631 genis
1112 3552 1513 3630 nuncupatur,
1546 3544 1709 3630 quod
1735 3544 1802 3609 in
1830 3566 1902 3608 eo
1932 3566 1998 3609 so
2027 3544 2143 3607 'tus
2172 3550 2298 3609 erat
2327 3542 2403 3609 O'
2406 3543 2471 3608 N
2474 3542 2623 3609 ellus
2654 3542 2795 3611 Mac
2823 3544 3108 3611 Guierem
3134 3545 3301 3611 inau-

913 3632 1171 3717 gurare.)
1265 3630 1344 3696 In
1372 3630 1435 3696 id
1465 3640 1723 3697 castrum
1751 3630 1904 3716 regii
1930 3628 2469 3717 contemplantibus
2498 3630 2939 3697 catholicorum
2973 3654 3047 3697 ex
3111 3639 3301 3697 orato-

911 3718 1078 3784 ribus
1107 3741 1177 3784 ea
1204 3724 1380 3783 nocte
1409 3740 1472 3783 se
1520 3718 1836 3805 recipiunt,
1869 3716 2031 3803 quod
2078 3725 2216 3782 ante
2260 3717 2535 3783 tenebras
2564 3739 2687 3783 non
2716 3726 2991 3804 poterant
3124 3742 3300 3785 naves

909 3807 1131 3871 venire.
1216 3805 1373 3870 Inde
1400 3805 1669 3891 proxima
1695 3806 1831 3870 luce
1858 3804 2109 3890 profecti
2138 3802 2214 3869 ad
2242 3805 2498 3890 navigia,
2522 3803 2667 3871 hora
2694 3811 2833 3891 post
2860 3806 3000 3871 solis
3028 3812 3299 3872 exortum

911 3893 1144 3958 circiter
1171 3898 1382 3977 quarta
1431 3914 1568 3957 cum
1613 3892 1933 3970 venissent,
1964 3890 2289 3957 Edmundo
2332 3913 2469 3956 cum
2498 3892 2703 3976 paucis
2732 3893 3095 3973 transmisso,
3126 3894 3163 3957 ὸ,
3190 3892 3298 3958 Ga-

910 3980 1167 4059 tholicis,
1199 3979 1304 4065 qui
1331 3980 1567 4064 agmine
1595 3978 1778 4044 tacito
1830 3976 2249 4063 sequebantur,
2300 3986 2542 4065 repente
2572 3978 2711 4043 dato
2740 4000 2959 4065 pugnae
2988 3981 3161 4065 signo
3190 3980 3298 4045 cir·

709 4069 889 4141 [¹98·]
911 4067 1387 4132 cumveniuntur.
1400 4067 1426 4148 ΙΙ
1519 4064 1876 4150 Repentin,
1908 4071 1968 4129 et
1992 4065 2303 4149 inopinato
2330 4088 2473 4130 casu
2514 4066 2811 4150 perterriti
2839 4066 2938 4131 alii
2965 4073 3134 4132 tanta
3158 4088 3297 4133 con-

911 4154 1195 4233 tentione,
1247 4157 1310 4218 et
1352 4151 1620 4216 tumultu
1669 4150 1971 4216 naviculas
2015 4152 2442 4231 conscendunt,
2472 4159 2543 4217 ut
2570 4151 2847 4217 nonnulli
2876 4153 3295 4239 deprimantur,

907 4240 1008 4307 alii
1036 4247 1203 4305 tanta
1229 4238 1616 4304 multitudine
1641 4238 1914 4324 proxima
1940 4238 2175 4324 navigia
2204 4245 2470 4318 onerant,
2501 4246 2573 4304 ut
2600 4240 2723 4303 una
2749 4261 2889 4304 cum
2916 4238 3036 4305 illis
3066 4262 3129 4305 se
3156 4239 3295 4305 sub-

903 4324 2803 4498 ffuffifflfflffiffmffssffissffffiussffiffiss
2840 4325 3297 4499 ἓξθᾚᾛῖἓιῗ

902 4502 1108 4586 major,
1140 4522 1276 4586 quae
1303 4522 1442 4565 cum
1467 4500 1680 4565 fuisset
1705 4499 1957 4564 interius
2002 4497 2369 4585 fugientibus
2408 4497 2671 4586 impleta,
2701 4499 2961 4564 exterius
2987 4500 3167 4565 etiam
3195 4522 3295 4585 pa-

901 4589 1056 4653 vidis
1103 4587 1522 4666 circumdatur,
1577 4586 1682 4672 qui
1729 4586 1770 4649 a
1817 4586 2065 4651 summis
2116 4585 2351 4651 scalmis
2400 4585 2665 4673 penduli,
2696 4586 2989 4671 uncisque
3016 4586 3294 4653 manibus

901 4696 1112 4739 navem
1141 4680 1410 4739 tenentes
1441 4673 1756 4740 ascendere
1781 4674 2081 4737 nituntur.
2172 4672 2311 4744 Quo
2341 4673 2403 4737 in
2434 4678 2595 4737 statu
2624 4672 2787 4751 fune,
2822 4694 2942 4759 quo
2971 4673 3141 4738 navis
3170 4681 3294 4739 erat

901 4760 974 4825 ad
1027 4782 1302 4845 aggerem
1353 4760 1611 4847 alligata,
1665 4758 2048 4845 deprehensO,
2078 4760 2208 4845 ipsa
2236 4758 2543 4845 glandium
2572 4757 2762 4825 imbre
2790 4758 3083 4827 obruitur.
3174 4760 3291 4827 Sed
