3634 5842
957 773 1086 835 286
1373 770 1796 836 o’sunuum
1842 787 2153 836 numm
2193 789 2587 850 cunonem,
2618 789 2769 835 rou.
2804 790 2894 836 xv.
3110 771 3258 856 [un.
3286 793 3325 835 1.

953 949 1454 1030 prosternuntur3
1496 941 1716 1030 perditi
1765 947 1935 1008 tanta
1978 941 2219 1008 lieentia
2264 942 2653 1029 triumphant.
2766 941 2867 1010 Ita
2912 944 3177 1010 insontes
3221 964 3328 1010 non

955 1029 1136 1096 modo
1165 1030 1497 1108 securitate,
1527 1029 1632 1095 sed
1677 1029 1856 1094 etiam
1902 1029 2033 1114 ipsa
2082 1027 2424 1095 defensione
2464 1029 2813 1115 privantur:
2858 1029 3325 1117 flagitiosissimus

958 1117 1210 1202 quisque
1255 1117 1330 1183 ad
1373 1117 1608 1183 facinus
1649 1114 1993 1181 audendum
2020 1117 2399 1202 impunitate,
2444 1125 2509 1181 et
2557 1115 2635 1183 ad
2676 1116 3053 1184 efficiendum
3095 1119 3324 1204 praemiis

957 1203 1262 1270 incitatur.

1954 1629 2117 1698 CAP
2160 1626 2352 1697 XIII.

1509 1805 1726 1862 Knoxis
1751 1802 2057 1878 persecutio
2081 1806 2244 1878 longe
2270 1803 2750 1860 truculentissima.

954 1975 1116 2048 Qua
1161 1975 1474 2042 retulimus
1523 1974 1831 2053 hactenus,
1882 1971 2223 2038 calamitosa
2266 1972 2525 2060 quidem,
2555 1969 2910 2060 funestaque
2938 1980 3121 2040 sunt:
3164 1973 3319 2062 longa

749 2071 1151 2149 [221.]tamen
1178 2062 1474 2140 furiosior,
1503 2067 1567 2126 et
1592 2059 1907 2126 immanior
1950 2060 2215 2146 tyrannis
2265 2066 2485 2126 manet.
2572 2059 2787 2126 Scotus
2832 2061 3077 2146 quidam
3125 2085 3320 2128 nomae

711 4479 746 4522 l

957 2149 1154 2228 Knox,
1178 2169 1356 2235 quem
1377 2148 1720 2233 episcopum
1735 2145 1936 2212 Luci*
1950 2145 2018 2211 in
2038 2145 2311 2230 Iberniass
2348 2141 2613 2212 Jacobus
2655 2169 2760 2212 rex
2778 2147 3152 2234 inauspicato
3170 2151 3315 2216 imu-

949 2237 1204 2321 guravit,
1215 2257 1388 2300 suum
1432 2255 1508 2298 ue
1524 2255 1865 2318 supremum
1882 2233 2226 2321 episcopum
2244 2240 2435 2315 vocat,
2446 2241 2656 2300 nactus
2674 2257 2711 2300 a
2724 2257 2864 2320 rege
2880 2243 3228 2336 potestatem
3234 2259 3317 2302 ex·

945 2320 1262 2408 tinguendi
1310 2323 1375 2387 in
1463 2318 1668 2385 bernis
1713 2319 2103 2385 orthodoxam
2148 2319 2346 2399 fidem,
2395 2327 2455 2386 et
2504 2320 2828 2387 inducendi
2876 2345 2941 2387 1n
2984 2325 3117 2410 ejus
3141 2322 3317 2389 locum

944 2409 1220 2475 haeretica
1270 2407 1567 2494 dogmata,
1619 2405 1853 2472 nullum
1902 2406 1962 2472 la
2001 2406 2157 2472 idem
2204 2430 2327 2472 non
2371 2409 2582 2488 movit,
2613 2414 2684 2473 ut
2711 2410 2912 2474 omnia
2954 2417 3317 2477 sacrosanctus

943 2495 1266 2562 Catholicae
1311 2493 1614 2579 religionis
1657 2493 1906 2580 vestigia
2006 2493 2203 2573 eleret,
2252 2515 2609 2582 omnemque
2666 2497 3012 2564 memoriam
3071 2497 3317 2563 funditus

943 2581 1302 2648 obliteraret.
1384 2579 1564 2647 Tanti
1589 2579 1825 2646 sceleris
1852 2580 2092 2647 molitor
2118 2603 2193 2646 ex
2219 2579 2444 2666 Anglia
2512 2583 2771 2648 refectus
2798 2606 2938 2648 cum
2952 2585 3022 2650 in
3042 2585 3316 2651 Iberniam

943 2669 1267 2757 appulisset
1294 2691 1452 2734 anno
1480 2675 1639 2820 Bost
1681 2667 2037 2753 virgineum
2085 2675 2325 2754 partum
2374 2687 2459 2734 un
2502 2669 2691 2734 ecimo
2736 2691 2917 2756 supra
2958 2671 3317 2737 millesimum

939 2757 1450 2835 sexcentesimum,
1543 2753 1849 2820 ubhlinnae
1900 2754 2132 2820 consilii
2178 2757 2291 2836 sui,
2321 2754 2753 2842 legationisque
2782 2759 3079 2824 rationem
3106 2757 3315 2844 protegi

939 2844 1014 2910 de
1045 2866 1206 2910 more
1234 2843 1497 2931 exponit.
1586 2841 1701 2908 Oui
1727 2864 1962 2929 prorex,
2015 2843 2262 2923 “rem,”
2290 2843 2355 2908 in
2398 2843 2508 2922 uit,
2560 2849 2604 2879 “
2624 2839 2885 2924 arduam,
2919 2853 3105 2931 atque
3134 2845 3313 2910 diffici-

937 2932 1075 3012 lem,
1105 2931 1300 2997 Onocs
1327 2929 1830 3008 reverendissime,
1862 2929 2191 3014 suscepisti.
2278 2859 2427 2995 Neili
2476 2929 2810 2996 existimare
2854 2931 3111 2998 Ibernos
3136 2933 3199 2998 in
3224 2953 3315 2996 sua

937 3018 1026 3084 Pa
1065 3018 1238 3083 istica
1283 3017 1436 3102 lege,
1482 3016 1610 3102 pari
1659 3038 1786 3081 esse
1836 3038 1975 3081 cum
2023 3015 2217 3082 Scotis
2268 3017 2389 3081 tuis
2418 3023 2525 3082 aut
2552 3039 2692 3083 cum
2720 3015 2939 3104 Anglis
2966 3020 3121 3086 meis
3150 3019 3313 3085 animi

944 3041 1298 3183 mcfiiilitate,
1347 3109 1409 3168 et
1436 3101 1855 3167 inconstantia.
1946 3101 2107 3167 Mihi
2151 3102 2391 3189 quidem
2436 3103 2681 3170 minime
2721 3103 2939 3171 videris
2966 3129 3075 3172 eos
3102 3131 3139 3174 a
3162 3106 3318 3191 Papa

935 3188 1223 3276 partibus,
1271 3188 1548 3267 amicitia,
1600 3189 1998 3267 venerat-ione,
2046 3195 2107 3254 et
2152 3189 2385 3275 legibus
2432 3190 2876 3257 subducturus:
2944 3215 3103 3278 quos
3147 3191 3313 3278 Angli

935 3276 1332 3362 septuaginta,
1363 3281 1425 3340 et
1452 3274 1706 3360 amplius
1735 3297 1923 3340 annos
1952 3273 2027 3340 ab
2056 3275 2168 3341 hac
2197 3276 2476 3363 opinione
2492 3278 2712 3343 frustra
2733 3285 2994 3346 avertere
3024 3301 3313 3347 conamur.

937 3361 1078 3434 Qut>
1123 3363 1314 3448 magis
1362 3383 1666 3448 urgemus,
1719 3361 1790 3427 eb
1843 3362 2184 3442 tenaciores,
2234 3372 2413 3449 atque
2470 3365 2775 3444 firmiores,
2826 3365 2917 3432 illi
2968 3390 3035 3432 se
3096 3371 3313 3454 gerunt.

933 3449 1163 3516 Verum
1193 3450 1333 3536 quia
1354 3447 1690 3534 jurisdictio
1717 3447 1834 3514 tibi
1862 3449 2213 3516 auctoritate
2239 3451 2405 3536 regia
2431 3450 2699 3538 delegata
2714 3459 2823 3532 est,
2843 3453 3117 3521 faeliciter
3144 3452 3316 3520 officio

936 3537 1206 3624 fungere.
1297 3535 1462 3608 Quid
1512 3535 1706 3601 valeas
1757 3536 2151 3622 experiamur.
2239 3535 2376 3654 Ego
2404 3538 2515 3604 tibi
2542 3561 2669 3604 non
2698 3539 2938 3605 deero.’'
3026 3547 3077 3578 “
3102 3541 3315 3618 Finem,

933 3623 1420 3691 excellentissime
1449 3621 1724 3710 prorex,''
1754 3623 1955 3722 inquit
2000 3628 2042 3658 “
2063 3623 2287 3704 Knox,’
2340 3625 2590 3691 forsitan
2626 3623 2918 3693 laudabis,
2980 3625 3123 3716 Ego
3152 3627 3315 3693 sciam

933 3710 1393 3778 obstinationem
1423 3732 1630 3774 eorum
1657 3731 1893 3796 egregie
1920 3710 2205 3798 excipere,
2236 3717 2298 3776 et
2326 3711 2553 3778 afficere
2582 3712 2780 3799 dignis
2818 3715 3102 3801 praemiis.
3187 3713 3314 3783 Effi-

933 3799 1105 3878 ciam,
1135 3806 1206 3864 ut
1233 3797 1580 3884 nequissimi
1609 3795 1696 3862 Pa
1738 3797 1869 3862 istae
1898 3799 2017 3864 mei
2045 3818 2277 3886 semper
2291 3800 2685 3879 meminerint,
2705 3821 2945 3886 unoque
2962 3823 3069 3868 ore
3086 3802 3313 3890 Papam,

931 3883 2947 4060 ΣῖιῗῑῖἶίοᾛᾚῗῖἰὲῗὶῑοηωἚῖξῖἒέοξὲἇᾙοίἰῖἓῗὲῗξὶιι,
2962 3887 3315 4043 Μέἒιῖἱᾛ

1964 4020 1983 4050 2

929 4059 1168 4139 videris,
1197 4065 1436 4124 caeteras
1465 4057 1648 4122 fuisse
1676 4055 2110 4138 blandissimas,
2142 4068 2323 4144 atque
2350 4060 2727 4126 suavissimas
2754 4083 2879 4128 non
2906 3998 3311 4130 iniiciaberisf'

931 4145 1081 4212 Mox
1109 4145 1488 4225 truculentia,
1521 4165 1700 4230 quam
1729 4145 1929 4210 animo
1980 4143 2446 4226 machinabatur,
2494 4147 2682 4212 fretus
2710 4169 2818 4234 per
2844 4154 3041 4215 totum
3074 4171 3313 4237 regnum

929 4233 1123 4300 edicta
1149 4233 1214 4298 in
1243 4231 1372 4298 haec
1399 4231 1578 4296 verba
1603 4231 1969 4318 promulgari
1996 4233 2139 4298 fecit
2170 4233 2369 4319 Anglo
2399 4254 2689 4300 sermone.

1005 4417 1208 4471 Omnes
1249 4414 1484 4487 Papistae
1521 4413 1785 4488 religiosi,
1826 4416 2248 4490 sacerdotesque
2288 4419 2438 4474 illico
2476 4437 2650 4492 regno
2690 4427 2947 4488 exeunte,
2992 4422 3081 4476 vel
3130 4421 3311 4477 anima·

931 4487 1216 4544 amissione
1280 4485 1555 4541 uniantur.

1005 4557 1186 4612 Nemo
1209 4559 1246 4612 fi
1269 4558 1401 4620 ium,
1419 4557 1850 4630 propinquumve
1874 4560 2113 4614 suumin
2138 4561 2503 4616 transmarina
2524 4561 2813 4616 seminaria
2837 4569 3096 4617 nantum
3120 4561 3310 4617 litteris

1001 4773 1024 4800 ⁰
1061 4769 1182 4825 Not
1207 4771 1410 4842 Derry,
1435 4770 1538 4824 but
1579 4769 1830 4841 Baphoe,
1864 4771 2039 4824 which
2084 4771 2153 4824 he
2176 4771 2455 4843 governed
2484 4770 2627 4825 from
2659 4773 2787 4824 1611
2819 4781 2880 4827 to
2911 4776 3129 4828 less-³.
3199 4774 3305 4828 Dr.-

931 4845 1092 4898 Mant
1117 4841 1461 4912 dexterously
1489 4841 1718 4896 avoided
1744 4859 1848 4913 any
1874 4842 2107 4896 allusion
2131 4849 2191 4897 to
2216 4841 2431 4896 Knox's
2456 4841 2708 4912 atrocity.
3262 4873 3265 4876 ·
