3634 5842
916 1652 1260 1751 DOMINI
1314 1651 1739 1745 PHILIPPI
1815 1649 2449 1770 O’SULLEVANI,
2502 1647 2866 1742 BEARRI
2927 1645 3299 1740 IBERNL

1595 1889 1843 1956 TOMI
1914 1889 2007 1970 1.,
2080 1888 2377 1955 LIBER
2448 1885 2597 1954 111.

1121 2101 1220 2154 DE
1252 2102 1686 2157 IBEBNOBUM
1717 2104 2043 2164 omasum,
2082 2101 2551 2166 NOBILITATE.
2588 2099 2686 2156 m*
2724 2103 3086 2158 SEBMONE.

952 2393 965 2406 ·
1000 2304 1416 2390 Superioribus
1442 2304 1610 2405 libris
1639 2305 1876 2405 duobus
1918 2305 2239 2388 Iberniam,
2284 2309 2351 2373 ni
2378 2307 2569 2387 fallor,
2600 2309 2743 2374 satis
2773 2306 3210 2395 descripsimus,
3242 2315 3307 2372 et

913 2415 1041 2479 ejus
1070 2413 1163 2456 res
1191 2392 1849 2492 memoratu-digmores
1870 2482 1883 2494 .
1915 2394 2403 2494 romulgavimus.
2492 2395 2779 2462 Historiae
2809 2397 2987 2460 series
3016 2394 3306 2482 postulat,

914 2486 986 2544 ut
1014 2477 1370 2544 Ibernorum
1399 2501 1710 2566 ongmem,
1741 2481 1885 2546 nobi
1930 2487 2137 2562 tatem,
2166 2482 2553 2570 linguamque
2580 2489 2944 2569 repetamus.

1968 2989 2148 3059 CAP.
2194 2990 2250 3058 Ι.

1559 3171 1790 3228 Veteres
1815 3172 2001 3228 Iber-ni
2026 3173 2171 3227 unde
2192 3190 2366 3245 genus
2389 3173 2620 3230 trahunt
2638 3183 2661 3229 ?

923 3341 1024 3407 An
1054 3339 1214 3405 orbis
1241 3337 1504 3416 exordio,
1533 3336 1629 3401 vel
1657 3335 1866 3402 saltem
1894 3333 1969 3400 ab
2000 3334 2275 3400 universo
2319 3355 2608 3421 aquarum
2651 3335 2895 3416 diluvio,
2934 3357 3069 3424 quoe
3096 3341 3304 3422 gentes

922 3428 1226 3494 Iberniam
1253 3425 1564 3503 coluerint,
1592 3422 1885 3489 Ibernicae
1911 3422 2135 3508 linguae
2155 3423 2559 3488 monumentis
2579 3425 2994 3490 vetustissimis
3014 3423 3307 3510 proditur,

923 3524 986 3582 et
1014 3513 1295 3580 Giraldus
1326 3513 1503 3577 etiam
1531 3509 1911 3576 cambrensis
1954 3509 2215 3574 breviter
2255 3517 2562 3575 memorat.
2653 3509 2853 3583 Quam
2898 3532 3045 3589 rem,
3078 3511 3221 3596 quia
3248 3519 3307 3575 et

919 3601 1160 3690 majoris
1189 3607 1281 3666 est
1307 3599 1436 3678 otii,
1465 3598 1673 3685 illique
1701 3596 1841 3661 libri
1866 3595 2043 3662 nobis
2070 3619 2196 3661 non
2224 3604 2573 3682 suppetunt,
2597 3603 2659 3662 et
2679 3598 2756 3663 ad
2783 3620 3041 3685 proesens
3070 3598 3311 3662 institu-

919 3697 1053 3756 tum
1081 3711 1205 3755 non
1233 3693 1326 3754 est
1353 3685 1524 3752 valde
1545 3685 1889 3764 necessaria,
1920 3682 2019 3748 hic
2049 3683 2283 3762 omitt0,
2315 3683 2530 3749 Gentis
2547 3683 2839 3753 Ibernicae
2866 3691 3105 3750 tantum
3122 3707 3311 3770 genus

919 3777 1234 3844 relaturus.
1320 3774 1537 3859 Itaque
1584 3770 1955 3858 temporibus
1998 3770 2118 3835 illis
2164 3771 2375 3856 priscis
2423 3771 2490 3836 in
2542 3771 2629 3836 Hi
2702 3773 2839 3839 ania
2888 3771 3199 3837 dominatu
3250 3778 3313 3836 et

1002 3864 1192 3928 tentia
1217 3861 1436 3948 polluit
1477 3861 1719 3946 Brigus,
1768 3858 1869 3924 cui
1916 3857 2077 3922 fih’us
2123 3857 2350 3922 Bellus.
2440 3857 2599 3923 Belli
2714 3860 2799 3924 'os
2847 3858 2998 3924 duos
3050 3857 3313 3924 Ibernici

943 3951 1061 4017 ibri
1087 3954 1436 4027 memorant,
1467 3946 1692 4012 Golum
1720 3953 1872 4011 natu
1912 3946 2214 4032 majorem,
2261 3942 2341 4009 ob
2386 3967 2587 4010 rerum
2637 3953 2939 4034 gestarum
2989 3945 3315 4012 claritatem

753 4032 896 4104 [82]
923 4035 1280 4124 cognomine
1324 4040 1366 4069 “
1386 4033 1679 4098 militem”
1725 4033 2129 4119 Hispanum‚ss
2172 4031 2356 4115 (unde
2386 4031 2460 4097 ab
2508 4031 2639 4100 aliis
2686 4033 2897 4099 Milius
2948 4039 3009 4098 et
3038 4033 3313 4098 Milesius

921 4121 1312 4206 nominatur,)
1347 4128 1410 4186 et
1437 4119 1671 4185 Ithium
1699 4120 2011 4184 minorem.
2100 4117 2301 4184 Ithius
2344 4121 2667 4187 conscensa
2714 4119 2854 4185 navi
2902 4120 2966 4184 in
3013 4119 3310 4184 Iberniam

923 4210 1174 4299 appulit,
1205 4206 1314 4274 ubi
1341 4207 1415 4274 ab
1445 4205 1742 4292 indigenis
1787 4205 2096 4283 occiditur,
2128 4205 2331 4270 veritis
2358 4229 2435 4270 ne
2461 4207 2893 4272 florentissimae
2921 4207 3132 4272 insulae
3160 4229 3313 4272 nun·

923 4303 1011 4366 tio
1041 4319 1148 4386 per
1174 4295 1463 4362 advenam
1491 4293 1819 4378 divulgato,
1852 4292 1969 4379 ipsi
1998 4291 2072 4357 ab
2103 4291 2234 4357 aliis
2262 4293 2547 4380 gentibus
2596 4301 3106 4394 oppugnarentur.
3196 4291 3314 4359 Sed

925 4387 1054 4452 e'us
1083 4384 1330 4452 comites
1361 4382 1606 4468 aliquot,
1639 4381 1742 4465 qui
1770 4380 1917 4466 fuga
1945 4378 2197 4445 salutem
2226 4381 2589 4466 petiverunt,
2632 4388 2828 4446 vent1s
2858 4379 2989 4446 vela
3016 4379 3227 4446 dantes
3255 4387 3316 4444 et

971 4473 1098 4538 ucis
1125 4469 1492 4556 interempti,
1522 4477 1584 4534 et
1632 4467 1847 4532 insulae
1895 4465 2115 4531 famam
2164 4466 2230 4531 in
2274 4467 2631 4553 Hispaniam
2683 4467 3034 4534 attulerunt.
3125 4467 3223 4532 Ob
3250 4464 3314 4531 id

925 4557 1135 4624 militis
1173 4557 1433 4644 Hispani
1460 4556 1568 4621 filii
1595 4555 1795 4642 patrui
1824 4575 2031 4620 necem
2058 4553 2266 4634 ulturi,
2296 4577 2427 4619 com
2474 4561 2637 4619 arata
2665 4553 2850 4620 classe
2900 4555 2967 4619 in
3012 4552 3314 4620 Iberniam

925 4645 1158 4712 faciunt
1185 4643 1640 4730 expeditionem.
1703 4641 1910 4726 Aliqui
1939 4640 2173 4708 casibus
2201 4641 2377 4706 variis
2448 4639 2834 4707 esiderantur.
2892 4641 3037 4706 Tres
3067 4641 3315 4727 sospites

926 4731 1140 4798 insulae
1193 4729 1498 4795 littoribus
1554 4751 1734 4794 naves
1791 4727 2225 4814 applicuerunt.
2316 4725 2591 4797 Quorum
2638 4729 2928 4794 maximus
2984 4735 3137 4792 natu
3192 4733 3316 4792 erat

929 4818 1144 4885 Iberus
1172 4816 1268 4883 vel
1295 4815 1552 4882 Ibernus
1579 4813 1905 4894 Candidus,
1938 4813 2250 4880 Secundus
2278 4811 2549 4896 Erimon,
2593 4821 2743 4881 natu
2785 4815 3102 4880 minimum
3128 4813 3312 4879 Eber-
