3634 5842
931 655 1058 717 :334
1326 651 1744 718 o’sunnuwn
1788 671 2104 718 mercum
2148 667 2534 723 cunonem,
2564 667 2715 712 rou.
2762 664 2854 711 xv·
3038 646 3180 729 [me
3224 663 3333 708 111.

935 823 1218 890 obtinuit.
1327 825 1370 889 J
1370 847 1467 890 am
1515 825 1656 892 verb
1706 848 2018 892 senescens
2062 822 2755 925 appropinquantemque
2804 823 3063 886 mortem
3110 815 3329 916 timens

933 911 1258 978 Catholieae
1287 911 1547 978 ccclesiae
1597 913 2057 978 misericordiam
2094 907 2465 998 implorando
2492 909 2793 994 impetrat.
2877 905 3071 992 Cujus
3098 911 3163 970 et
3186 903 3329 968 aho-

937 1021 1071 1064 rum
1100 999 1482 1065 conversione
1510 998 1698 1084 Angli
1725 999 1935 1065 offensi
1962 998 2233 1064 tulerunt
2257 997 2455 1082 legem
2488 994 2673 1074 illam,
2706 998 2776 1058 ut
2804 993 3169 1078 quicumque
3186 1012 3331 1090 ‘pro-

935 1091 1164 1152 testans
1212 1108 1251 1150 a
1295 1107 1437 1172 rege
1477 1086 1735 1152 honores
1791 1087 2102 1172 acciperet,
2150 1083 2203 1150 si
2250 1089 2461 1170 postea
2506 1081 2618 1147 sub
2668 1086 2923 1146 mortem
2962 1077 3331 1144 catholicam

937 1171 1044 1238 reli
1093 1171 1286 1238 ‘onem
1311 1171 1706 1258 profiteretur,
1737 1173 1867 1260 ejus
1894 1171 2053 1239 bona
2080 1173 2146 1237 in
2174 1171 2513 1237 auctionem
2541 1167 2933 1233 deferrentur.

1083 1280 1189 1346 rga
1231 1259 1573 1326 Catholicos
1605 1259 1748 1326 verb
1774 1265 1947 1326 tanta
1988 1265 2079 1325 est
2121 1257 2239 1324 Dei
2267 1255 2503 1342 Optimi
2530 1254 2786 1321 Maximi
2813 1250 3237 1329 misericordia,
3266 1255 3337 1314 ut

940 1351 1192 1426 constet,
1243 1345 1544 1412 nemiuem
1589 1366 1861 1434 unquam
1901 1347 2099 1426 minis,
2142 1343 2441 1410 neminem
2468 1341 2729 1420 mulctis,
2758 1340 3058 1406 neminem
3086 1359 3335 1436 carcere,

941 1432 1148 1520 paenis,
1177 1439 1242 1498 et
1267 1431 1647 1514 cruciatibus,
1675 1435 1977 1502 neminem
2021 1432 2232 1502 mortis
2280 1437 2447 1498 metu
2493 1429 2681 1498 fuisse
2704 1427 2947 1506 flexum,
2976 1431 3047 1493 ut
3074 1423 3339 1522 Cathoh7

944 1543 1076 1586 cam
1123 1519 1472 1606 religionem
1522 1519 1851 1586 desereret:
1897 1520 2009 1586 etsi
2058 1527 2259 1585 tamen
2308 1517 2493 1605 aliqui
2540 1515 2719 1594 vitiis,
2758 1513 3089 1600 praesertim
3138 1533 3339 1576 venen

947 1605 1134 1672 dediti
1162 1628 1199 1672 a
1226 1607 1415 1673 ductu
1441 1607 1728 1674 Romanae
1754 1607 2015 1674 ecclesiae
2040 1605 2170 1673 haec
2196 1605 2423 1692 flagitia
2450 1602 2798 1669 detestantis
2838 1600 2916 1666 ad
2942 1621 3127 1686 prava
3154 1598 3339 1697 haere-

944 1694 1201 1759 ticorum
1251 1694 1532 1780 dogmata
1577 1701 1816 1764 tantum
1865 1693 2056 1762 scelus
2094 1715 2218 1763 uon
2244 1689 2620 1778 prohibentia
2646 1711 2775 1754 sese
2802 1694 3008 1753 contra
3035 1707 3341 1752 conscien-

946 1781 1092 1846 tiam
1121 1780 1483 1847 contulerint
1509 1781 1700 1848 secuti
1729 1803 1975 1848 suorum
2003 1781 2291 1846 scelerum
2360 1778 2647 1864 riucipem
2678 1775 3012 1840 Henricum
3038 1771 3341 1838 Octavum

946 1867 1186 1954 Angliae
1215 1868 1462 1954 Regem,
1492 1869 1598 1956 qui
1643 1867 2052 1956 complexibus
2102 1870 2296 1932 Annae
2416 1864 2568 1930 leuae
2595 1861 2963 1929 catholicam
2990 1859 3341 1945 religionem

949 1953 1314 2041 posthabuit.
1401 1954 1682 2022 Profecto
1731 1957 2073 2021 mirmest
2142 1975 2280 2020 uam
2322 1951 2575 2030 fortiter,
2604 1957 2666 2016 et
2692 1946 2957 2015 animose
2986 1945 3341 2022 sacerdotes,

949 2049 1012 2106 et
1041 2041 1347 2108 saeculares
1396 2043 1586 2108 nostri
1633 2048 1907 2123 mortem,
1935 2062 2097 2130 quan
2140 2063 2177 2106 o
2204 2062 2357 2126 opus
2386 2045 2496 2118 est,
2568 2060 2635 2104 ro
2676 2036 2901 2102 Christi
2926 2035 3172 2101 nomine
3202 2055 3343 2098 con-

949 2128 1174 2197 fitendo
1201 2127 1473 2196 subeant.
1560 2128 1919 2216 Aliquorum
1960 2129 2325 2200 mentionem
2351 2125 2501 2196 libet
2526 2061 2737 2196 ilem.

1689 2425 2030 2434 *m*-

1992 2636 2172 2704 CAP.
2220 2635 2315 2708 11.

1574 2937 1587 2950 .
1670 2860 1901 2933 Aliquot
1926 2859 2337 2916 Oatholieorum
2362 2861 2621 2918 Luniena.

968 3079 1271 3141 Ana-unus
1317 3073 1664 3139 Chichester
1713 3069 1971 3137 Iberniae
2062 3093 2233 3136 rorex
2260 3070 2494 3136 nullum
2514 3071 2775 3158 ‚lapidem
2808 3094 2931 3138 nou
2959 3072 3253 3152 movebat,
3282 3083 3349 3138 ut

969 3161 1245 3247 reliquias
1290 3181 1516 3238 eorum,
1569 3158 1673 3244 qui
1719 3157 1916 3236 fidem,
1958 3093 2425 3245 oeflgionemque
2452 3157 2847 3224 Christianam
2877 3159 3055 3225 armis
3084 3161 3190 3225 diu
3216 3184 3348 3247 pro-

969 3253 1400 3336 pugnaverant,
1445 3245 1823 3330 extingueret
1879 3243 1968 3328 (id
2014 3245 2173 3310 enim
2214 3245 2533 3319 consilium
2560 3243 2635 3310 ab
2663 3245 2880 3332 Anglis
2924 3247 3147 3312 initum
3174 3248 3351 3313 fuisse

969 3333 1152 3422 paulo
1201 3332 1470 3418 superius
1516 3331 2073 3416 demonstravimus)
2107 3331 2492 3397 Ultoniorum
2521 3331 2659 3398 verb
2688 3334 3040 3418 sanguinem
3068 3334 3141 3399 eb
3170 3338 3353 3420 magis

971 3420 1227 3500 sitiebat,
1276 3417 1437 3506 quod
1464 3420 1594 3505 ipse
1641 3418 2042 3505 possessiones
2082 3418 2147 3483 in
2190 3417 2443 3488 Intonia
2472 3419 2628 3484 dono
2658 3419 2825 3489 datas
2852 3443 2888 3485 a
2914 3443 3055 3507 rege
3083 3420 3353 3486 babebat.

973 3509 1190 3595 Itaque
1235 3506 1304 3572 in
1353 3505 1640 3592 quosdam
1669 3505 1971 3583 Ultouios,
2005 3505 2111 3591 qui
2138 3505 2375 3584 virtute,
2408 3513 2469 3570 et
2496 3506 2695 3571 animo
2720 3507 3055 3594 praecellere
3085 3507 3357 3573 videban-

973 3604 1094 3676 tur,
1123 3595 1278 3660 hanc
1306 3599 1491 3659 artem
1521 3593 1837 3679 excogitat.
1928 3591 2255 3657 Hominem
2298 3593 2763 3678 perditissimum
2812 3593 2953 3660 nleae
2982 3594 3238 3660 maxime
3264 3595 3357 3660 de-

975 3682 1190 3761 ditum,
1221 3680 1326 3767 qui
1355 3679 1516 3780 apud
1545 3679 1918 3746 Bernardum
1947 3678 2274 3746 O’Nellum
2302 3702 2459 3766 saepe
2596 3679 2701 3745 bat
2726 3681 3110 3766 deprehendi,
3128 3684 3359 3755 morfis-

975 3791 1094 3856 que
1121 3789 1290 3834 reum
1318 3790 1417 3855 agl
1460 3765 1657 3853 jubet.
1739 3766 1856 3832 Cui
1906 3773 2107 3832 tamen
2150 3772 2382 3832 reatum
2408 3789 2523 3832 con
2602 3789 2763 3848 uam,
2788 3775 2859 3833 et
2880 3769 3127 3856 insuper

977 3855 1221 3944 pramis
1269 3854 1410 3920 dare
1457 3853 1770 3940 pollicetur
1820 3852 1961 3939 quia
2006 3852 2400 3934 Bernardum,
2430 3860 2492 3920 et
2528 3853 2674 3922 alios
2703 3877 2853 3940 quos
2874 3856 3001 3948 jem
3026 3857 3275 3923 nom'm

969 3943 1196 4030 arguit.
1283 3940 1812 4040 flagitiosissimus
1856 3939 2079 4006 aleator
2126 3939 2418 4007 Ber-nardi
2444 3939 2866 4008 beneficiorum
2888 3943 3208 4014 immemor
3234 3965 3365 4010 cou-

975 4031 1267 4130 ditionem
1291 4029 1525 4115 accipit.
1611 4028 1770 4094 'rum
1797 4049 2001 4114 ptores
2026 4027 2181 4112 oapi,
2210 4033 2271 4092 et
2308 4029 2377 4094 in
2426 4027 3011 4136 trimisia-carcerem
3163 4030 3369 4118 conjici

981 4113 3370 4302 ffiffiaffo‘ff‘fflffiffizffl‘ffmffffiffl’siffissfflgggffit

983 4287 2935 4446 fflffleemwffiwmee
2957 4291 3375 4444 :mese

987 4463 1437 4532 scelestissimus
1483 4464 1552 4530 in
1599 4470 1817 4529 testem
1860 4423 2189 4550 productus
2236 4396 2547 4530 coiifirmet
2590 4466 2932 4551 conjurasse
2970 4465 3037 4531 in
3064 4465 3375 4553 capiendas

988 4551 1310 4620 nonnullas
1336 4549 1602 4617 Ultom‘ae
1629 4573 1811 4630 eroes,
1842 4569 1991 4636 ques
2160 4549 2225 4632 li,
2254 4557 2317 4616 et
2344 4551 2511 4618 Secti
2551 4551 2826 4639 prasidio
2854 4551 3159 4631 tenebant,
3188 4554 3373 4640 ipsos·

989 4662 1108 4724 que
1153 4639 1546 4728 praenidiarion
1589 4637 1995 4704 trucidandos.
2082 4639 2143 4706 A
2222 4637 2528 4724 equit-ibus
2554 4638 2943 4725 respondetur
2970 4639 3375 4706 testimonium

791 4743 967 4813 [πᾶα]
989 4725 1170 4794 unius
1200 4725 1495 4810 obscuri‚n
1527 4733 1593 4794 et
1617 4725 1897 4812 flagitiosi
1922 4725 2273 4802 homunculi
2308 4723 2555 4792 minime
2580 4725 2864 4806 sufficere,
2889 4733 2967 4793 ut
2992 4727 3109 4814 ipsi
3138 4749 3243 4794 sex
3268 4726 3373 4792 viri
