3634 5842
852 665 978 736 280,
1300 659 1715 727 o’sunmvffl1
1758 679 2073 726 merom
2103 677 2493 737 cunonem,
2531 676 2683 722 rou.
2711 677 2802 720 nr.
2985 656 3146 741 [Lis.
3191 677 3246 720 1.

851 831 1231 904 consanguinei
1258 831 1391 886 nihil
1418 832 1469 886 ei
1490 832 1565 886 ad
1584 832 1792 886 victum
1834 831 2291 903 suppeditandum
2333 830 2560 892 directe,
2583 828 2670 882 vel
2708 829 2978 883 indirecte
3015 828 3246 883 mittunt

852 903 953 956 sub
978 921 1131 974 paena
1152 903 1541 974 indignationis
1562 901 1727 974 regiis
1748 902 2070 972 majestatis,
2095 903 2438 973 aliorumque
2472 899 2884 986 suppliciorum,
2911 897 3107 971 quibus
3125 898 3246 983 jus—

852 975 1057 1028 tissime
1152 982 1342 1028 ossunt
1388 973 1555 1045 affligi
1612 981 1828 1028 contem
1865 981 2014 1057 tores
2055 973 2222 1045 regioe
2271 971 2695 1056 constitutionis!
2742 979 2801 1056 et
2845 977 3246 1055 proerogstivae.

852 1045 1062 1170 {apum
1072 992 1373 1168 ἐξιψίἰιιιιίἱ
1377 1045 1455 1170 1ijn
1480 1061 1606 1172 εποδε
1630 1044 1826 1170 regtiaR
1845 1061 2018 1099 ecimo
2044 1044 2132 1100 die
2153 1043 2192 1099 J
2194 1044 2294 1099 ulii
2315 1061 2459 1100 anno
2485 1044 2688 1097 domim
2712 1041 3000 1096 millesimo
3023 1058 3244 1096 sexcen-

910 1132 1047 1169 simo
1110 1133 1301 1171 ecuno.
1434 1133 1531 1170 eus
1594 1133 1721 1170 erve
1829 1131 2006 1187 egem.

1600 1403 1671 1410 ..ι-.-

1875 1590 2056 1656 ΟΑΡ.
2103 1590 2222 1656 ΙΧ.

1342 1787 1606 1861 Prodigia
1628 1806 1746 1861 quae
1770 1788 1828 1843 in
1855 1787 2073 1844 lber-nia
2095 1791 2210 1845 viss
2239 1797 2384 1854 sunt,
2408 1791 2743 1850 referuntur.

857 2005 960 2070 An
988 2003 1148 2070 tertii
1175 2003 1383 2090 puncti
1410 2003 1841 2068 enarrationem
1869 2005 2214 2102 priusquam
2249 1999 2611 2084 accedamus,
2643 2005 2742 2070 hie
2769 2003 3072 2071 referenda
3099 2009 3244 2070 sunt

856 2097 1109 2171 ostenta,
1162 2110 1297 2175 quae
1340 2089 1407 2154 in
1456 2087 1697 2154 Ibernia
1740 2089 1866 2154 visa
1911 2089 2004 2154 vel
2053 2097 2369 2176 mcaeptam
2415 2093 2884 2178 persecutionem
2925 2091 3019 2156 vel
3067 2091 3244 2157 aliam

854 2177 1083 2242 cladem
1132 2175 1517 2262 portendunt.
1602 2178 1787 2240 Anno
1837 2199 1874 2240 a
1921 2177 2188 2262 virgineo
2238 2189 2414 2262 partu
2469 2181 2655 2257 1610,
2703 2201 2905 2244 mense
2955 2177 2997 2242 J
2997 2177 3142 2256 ulio,
3175 2177 3244 2241 in

856 2263 1163 2328 Killdariae
1190 2263 1480 2326 comitatu
1506 2283 1687 2348 super
1710 2267 1834 2326 tres
1863 2262 2136 2328 ecclesias
2164 2263 2241 2328 sd
2267 2264 2450 2350 impia
2477 2266 2930 2351 protestantium
2961 2264 3244 2330 sacrificia

853 2348 1202 2415 celebranda
1230 2348 1492 2414 decretas
1550 2348 1665 2414 luit
1693 2349 2002 2436 sanguine.
2089 2349 2338 2416 Postero
2369 2373 2525 2416 anno
2555 2375 2755 2418 mense
2784 2350 2997 2440 Aprili,
3031 2349 3242 2415 Muin-

854 2436 1027 2502 nodoe
1076 2436 1389 2522 sanguinei
1434 2435 1518 2501 im
1560 2457 1654 2501 res
1698 2435 1765 2501 in
1821 2433 2112 2522 templum
2161 2437 2382 2523 magns
2435 2438 2800 2504 intuentium
2857 2437 3246 2504 admiratione

854 2522 1214 2589 ceciderunt.
1300 2524 1485 2588 Anno
1517 2525 1689 2587 1612
1735 2523 1801 2588 in
1855 2519 1908 2586 U
1909 2523 2154 2588 rmoniae
2183 2524 2473 2590 comitatu
2517 2527 2759 2612 sanguis
2789 2525 2864 2591 ab
2892 2525 3110 2590 aethere
3153 2524 3244 2588 di-

853 2610 1137 2678 mittitur.
1220 2609 1301 2675 In
1328 2615 1509 2697 portu
1535 2610 1777 2675 nomine
1806 2609 2076 2675 Glinuila
2123 2609 2386 2676 millibus
2431 2633 2714 2698 passuum
2759 2634 2863 2678 sex
2903 2611 2979 2678 ab
3021 2609 3250 2698 oppido

860 2695 1127 2776 Ochella,
1178 2703 1425 2762 eruenta
1466 2695 1669 2783 pluvis
1712 2697 1992 2762 manavit.
2103 2697 2326 2783 Aliqua
2381 2697 2513 2763 loca
2567 2699 2889 2765 Connactae
2945 2719 3153 2764 eruore
3211 2719 3248 2763 a

860 2784 1023 2850 caelis
1050 2783 1272 2849 fluente
1298 2783 1607 2870 rigantur:
1654 2783 1904 2862 casiliae,
1955 2789 2159 2849 aestate
2187 2783 2381 2850 media
2408 2784 2531 2851 sole
2561 2785 2811 2872 desuper
2842 2785 3104 2870 undique
3147 2807 3248 2850 co-

861 2881 1083 2958 quente
1126 2893 1305 2957 super
1350 2870 1494 2936 Divi
1541 2870 1780 2936 Patritii
1824 2869 2013 2936 aedem
2061 2871 2327 2936 nivescit.
2413 2871 2641 2938 Eadem
2683 2881 2886 2938 aestate
2928 2872 3003 2938 ad
3032 2869 3248 2936 vallem

660 2949 838 3017 [216.]
859 2957 1290 3041 Brethnscamss
1330 2957 1565 3043 (Sliebh
1588 2958 1985 3042 Breathnseh)
2011 2957 2078 3022 in
2105 2980 2236 3023 aere
2260 2981 2474 3044 magna
2493 2957 2671 3025 turbs
2689 2960 2813 3024 ruit
2831 2958 3040 3024 similis
3055 2957 3250 3023 homi-

857 3043 1054 3122 nibus,
1108 3063 1243 3130 quse
1290 3044 1581 3109 instructa
1630 3045 1754 3110 acie
1803 3044 2126 3130 procedens
2176 3065 2313 3109 cum
2363 3045 2599 3110 duobus
2655 3045 3008 3112 militaribus
3057 3044 3248 3132 signis

898 3130 1093 3194 unicei
1130 3129 1341 3194 coloris
1370 3129 1583 3195 ducem
1610 3128 1877 3195 vestibus
1907 3137 1968 3195 et
2013 3131 2190 3196 armis
2232 3131 2522 3198 candidus
2549 3132 2832 3199 indutum
2861 3151 3136 3219 sequens,
3175 3129 3248 3196 in

854 3151 1320 3366 Ξθέεἰεείιῧεςιιε
1348 3303 1361 3314 ·
1376 3237 1619 3282 nemora
1676 3239 1844 3368 sesiil
1858 3216 2391 3370 sbdzigmnmilt.
2499 3218 2624 3285 Sub
2661 3219 2866 3392 (igenil
2899 3217 3249 3390 tffippsdin

854 3323 923 3367 ca
964 3324 1059 3366 em
1172 3323 1401 3367 rmoms
1452 3325 1577 3368 non
1674 3325 1776 3368 roc
1900 3327 1936 3369 a
2253 3327 2321 3369 ac
2365 3329 2402 3371 a
2575 3329 2612 3372 o
2755 3329 2822 3372 ea
2867 3329 2930 3372 ar
3167 3327 3247 3370 uo

852 3389 1137 3454 immanis
1163 3389 1557 3475 plantasmsts
1584 3326 1998 3476 miignitudine
2027 3395 2087 3455 et
2115 3329 2678 3476 proceritatepgglsas
2705 3401 2898 3459 turres
2927 3392 3246 3479 aequsntia,

854 3481 1066 3540 caetero
1096 3477 1356 3561 corporis
1384 3475 1629 3542 humani
1658 3479 1888 3543 statura
1915 3483 1976 3542 et
2003 3476 2169 3558 facie,
2200 3479 2380 3544 trium
2421 3481 2714 3545 mensium
2743 3481 2942 3566 spacio
2969 3479 3247 3566 frequen-

853 3570 949 3627 ter
972 3563 1099 3627 visa
1128 3568 1271 3627 sunt
1296 3563 1363 3626 in
1390 3561 1637 3648 planum
1666 3563 2036 3646 descendere,
2069 3587 2246 3630 suum
2297 3564 2575 3652 quodque
2604 3569 2927 3633 exercitum
2955 3566 3247 3652 quingen-

854 3655 1053 3715 torum
1072 3649 1303 3715 circiter
1319 3656 1678 3716 armatorum
1706 3659 1928 3717 nostrae
2029 3675 2108 3720 ne
2127 3653 2574 3738 magnitudinis,
2597 3653 2892 3734 ducentis,
2909 3674 3252 3739 magnoque

856 3736 1110 3802 clamore
1136 3744 1199 3802 et
1226 3759 1524 3802 armorum
1554 3743 1673 3804 stre
1712 3739 1808 3804 itu
1837 3674 2038 3824 praeffi
2065 3740 2514 3805 committentia.
2603 3741 2814 3828 Ipsum
2858 3761 2942 3824 qu
3021 3762 3096 3806 ue
3145 3762 3252 3827 pa·

856 3845 1003 3908 gum
1033 3823 1501 3889 Keaharlacham
1546 3823 1621 3890 sb
1719 3825 1731 3838 “
1792 3826 2100 3891 incensum
2129 3826 2312 3891 fuisse
2341 3827 2554 3892 accolis
2582 3827 2860 3893 creditur.
3021 3827 3250 3892 ominae

857 3909 1138 3990 haeretici,
1170 3915 1230 3975 et
1257 3911 1323 3975 in
1350 3910 1467 3976 fide
1494 3918 1774 3977 nutantes
1825 3933 1931 3998 per
1980 3934 2171 3977 aerem
2201 3919 2262 3978 et
2288 3913 2354 3978 in
2391 3913 2732 3980 tenebrosas
2775 3937 2987 4002 specus
3015 3937 3051 3980 a
3077 3913 3252 3979 malis

860 3995 1168 4084 spiritibus
1194 3997 1541 4084 rapiuntur:
1588 4005 1645 4063 et
1676 3997 1877 4064 subita
1902 4005 2094 4065 morte
2122 4001 2338 4086 passim
2365 4007 2729 4067 sternuntur.

1891 4371 2072 4440 CAP.
2117 4373 2200 4440 X.

1574 4519 1830 4576 Tertium
1851 4530 2116 4594 punctum
2142 4523 2549 4596 persecutionis.

870 4661 1064 4730 Nunc
1094 4661 1289 4749 quoad
1315 4661 1557 4726 tertium
1630 4669 1914 4742 unctum3
1946 4662 2259 4728 consilium
2275 4664 2606 4750 Anglorum
2625 4671 2820 4732 ratum
2839 4689 2964 4734 non
2993 4667 3168 4736 aliter
3195 4672 3262 4738 in

870 4748 1111 4815 Ibernia
1134 4747 1501 4815 catholicam
1527 4770 1591 4814 re
1612 4747 1872 4833 igionem
1901 4749 2160 4815 deletam
2183 4751 2276 4831 iri,
2305 4773 2485 4836 quam
2514 4751 2780 4837 ejusdem
2811 4758 3264 4825 veneratoribus
