3634 5842
921 707 1047 792 214
1350 710 1763 772 o'sunmvam
1793 724 2108 772 msromffl
2137 723 2537 784 cunonem,
2565 723 2710 770 rou.
2743 723 2828 769 ιν.
3035 704 3195 788 [nis.
3243 723 3292 770 1.

914 900 1039 943 rem
1096 879 1179 944 ita
1236 899 1464 962 gerens,
1494 885 1564 943 ut
1620 878 1854 964 pradis,
1883 883 1946 944 et
1999 877 2448 946 excursionibus
2501 876 2762 944 multum
2815 876 3293 944 Protestantibus

914 965 1192 1044 offecerit,
1222 963 1377 1050 saepe
1426 987 1565 1030 cum
1606 965 1726 1030 illis
1782 965 1962 1032 fuerit
2003 965 2301 1047 velitatus,
2329 966 2606 1052 levesque
2653 985 2886 1051 pugnas
2915 964 3290 1030 commiserit.

912 1051 1015 1116 Ad
1041 1052 1202 1138 quod
1250 1050 1469 1116 bellum
1522 1053 1963 1138 suscipiendum
2006 1051 2356 1118 movebatur
2401 1059 2614 1139 praeter
2661 1058 3014 1117 memoratas
3049 1050 3291 1135 injurias

910 1144 1045 1203 tum
1072 1139 1229 1224 quod
1261 1161 1399 1204 cum
1426 1138 1661 1204 Ibernis
1716 1139 1991 1226 Anglicae
2043 1139 2318 1205 factionis
2375 1161 2496 1205 non
2527 1139 2724 1204 minus
2751 1138 3084 1217 crudeliter,
3114 1159 3290 1222 quam

910 1247 1048 1290 cum
1077 1227 1321 1305 caeteris,
1350 1225 1537 1311 Angli
1563 1224 1838 1312 agebant,
1888 1235 2018 1292 tum
2067 1226 2394 1312 tyrannidis
2444 1226 2875 1312 magnitudine,
2925 1226 3096 1311 cujus
3125 1247 3290 1290 vaca·

874 1364 882 1374 .
909 1312 1135 1378 tionem
1160 1313 1326 1380 nulla
1352 1335 1446 1378 res
1474 1321 1685 1400 praeter
1712 1311 1937 1379 bellum
1987 1312 2281 1379 afferebat.
2371 1313 2414 1379 J
2413 1336 2510 1379 am
2537 1312 2678 1378 verb
2709 1311 3040 1378 Richardus
3067 1307 3292 1377 Vinkcl

908 1399 1147 1484 Anglus
1192 1421 1373 1486 eques
1418 1401 1683 1466 Aur-atus
1728 1399 1986 1468 Ibernioe
2035 1406 2477 1466 castrametator
2525 1407 2781 1486 quatuor
2823 1399 3080 1465 militum
3109 1398 3290 1463 millia

908 1485 1135 1551 ducens
1182 1509 1376 1552 arcem
1420 1487 1602 1566 illam,
1655 1487 1755 1554 cui
1798 1486 2062 1553 Felmius
2109 1494 2372 1574 praeerat,
2403 1485 2656 1553 obsidet.
2744 1485 3007 1552 Felmius
3033 1491 3198 1550 ratus
3227 1507 3289 1550 se

904 1593 1087 1658 parvo
1138 1573 1413 1659 praesidio
1462 1574 1900 1640 munimentum
1948 1574 2066 1640 loci
2109 1581 2322 1641 natura
2362 1597 2488 1640 non
2514 1574 2656 1640 satis
2683 1574 3002 1674 munitum,
3032 1572 3139 1638 diu
3166 1594 3290 1638 non

900 1659 2742 1836 {5530}{ffffffiztzzss'sssssshffltfffflfflffi
2756 1661 3289 1832 fflffissffi

899 1832 1017 1898 bus
1042 1833 1324 1900 onerariis
1342 1835 1531 1920 plenis
1546 1835 1727 1901 tritici
1745 1836 1809 1902 in
1827 1845 2216 1901 commeatum
2241 1837 2404 1900 missi
2431 1835 2585 1900 Luci
2618 1834 2910 1921 praesidiO,
2933 1855 3080 1920 quas
3121 1855 3292 1920 cepe·

900 1927 1013 1986 rat.
1044 1919 1186 1986 Duo
1210 1943 1446 2007 quoque
1465 1921 1651 1988 millia
1675 1921 1966 1988 librorum
1993 1922 2401 1988 him-eticorum
2426 1942 2560 2008 quse
2578 1920 2732 1987 Luci
2761 1921 3288 2007 Ministropiscopi,

902 2015 1085 2085 erant,
1117 2009 1183 2072 in
1212 2008 1501 2074 exercitus
1552 2016 1876 2098 conspectu
1919 2010 1982 2074 in
2009 2009 2210 2094 ignem
2243 2009 2645 2076 consumenda
2669 2009 2880 2094 injicit,
2911 2009 3124 2160 spretis
3149 2029 3287 2072 cen-

899 2101 1031 2158 tum
1058 2096 1288 2179 argenti
1315 2094 1481 2160 libris
1511 2095 1729 2181 quibus
1758 2119 1860 2162 eos
1888 2095 2438 2182 Pseudoepiscopus
2465 2096 2750 2161 redimere
2771 2095 2942 2182 cupie
2983 2101 3062 2174 at,
3083 2101 3144 2160 et
3159 2096 3287 2179 ipse

900 2179 1133 2245 duobus
1202 2181 1437 2246 hasellis
1464 2204 1602 2247 cum
1630 2181 1918 2247 militibus
1946 2181 2123 2268 fugit,
2165 2189 2460 2248 tormenta
2503 2183 2720 2268 partim
2767 2204 2969 2248 secum
2997 2183 3283 2260 deferens,

896 2266 1111 2352 partim
1180 2268 1417 2352 ejiciens
1445 2269 1510 2333 in
1540 2290 1718 2333 mare.
1762 2269 1950 2354 Cujus
1975 2270 2120 2334 facti
2149 2268 2608 2348 O'Dochartam‚
2629 2269 2732 2355 qui
2753 2270 2962 2333 statuit
2989 2263 3282 2334 Felmium

897 2351 1204 2418 obsidione
1230 2352 1495 2434 liberare,
1525 2355 1826 2440 poenituit.
1908 2355 2186 2421 Beartam
2215 2377 2452 2441 quoque
2479 2377 2673 2421 arcem
2711 2361 3149 2421 castrametator
3177 2354 3284 2420 ob-

896 2439 1047 2505 sidio
1074 2439 1273 2519 vallat,
1304 2441 1408 2507 ubi
1438 2449 1563 2506 erat
1588 2441 1781 2506 Maria
1801 2441 2198 2506 O'Dochartae
2218 2464 2370 2507 uxor
2398 2443 2718 2507 Praestonis
2747 2441 3108 2507 vicecomitis
3135 2441 3275 2507 filia.

894 2528 1113 2592 Arcem
1140 2527 1475 2594 Monachus
1505 2529 1609 2614 qui
1636 2527 1798 2594 illam
1825 2527 2086 2608 tenebat,
2117 2528 2337 2614 prodit,
2368 2529 2585 2616 etipse
2612 2528 2956 2602 simulfidei
2981 2529 3274 2594 nuncium

892 2613 1144 2678 remittit
1190 2621 1403 2702 pactus
1446 2621 1667 2694 tamen,
1696 2622 1769 2680 ut
1813 2612 2162 2702 praesidiarii
2187 2615 2517 2682 incolumes
2545 2615 3020 2681 dimitterentur:
3065 2614 3282 2701 quibus

892 2700 1131 2787 Anglus
1178 2701 1357 2767 fidem
1408 2701 1518 2767 sua
1564 2703 1667 2767 re'
1717 2701 1850 2768 ’one
1899 2702 2154 2769 servavit
2201 2701 2348 2768 alios
2391 2703 2458 2768 in
2501 2701 2737 2768 vincula
2765 2701 3103 2780 detrudens,
3133 2701 3282 2768 alios

893 2787 1086 2874 pretio
1136 2795 1526 2869 commutans,
1580 2795 1641 2854 et
1831 2788 1846 2802 ⁶
1971 2787 2326 2855 Vicecomiti
2353 2789 2539 2869 fratri,
2572 2789 2678 2875 qui
2705 2788 2979 2854 factionis
3007 2788 3279 2874 Anglicoe

796 2905 815 2955 ¹
828 2905 873 2974 ·1
896 2873 3067 3049 {cassamus,cessassemus¹·
3102 2883 3280 3033 es

1736 3011 1757 3043 ,
3035 3011 3050 3028 .

894 3057 1114 3114 conatu
1138 3047 1310 3114 illum
1339 3047 1722 3115 O’Docharta
1789 3048 2060 3116 rohibere
2107 3049 2348 3129 insistit,
2377 3049 2558 3129 mille,
2589 3051 3064 3136 quingentosque
3091 3071 3276 3116 arma-

893 3143 987 3200 tos
1016 3135 1315 3202 ductitans
1342 3159 1466 3202 non
1493 3134 1675 3222 longe
1703 3072 1787 3201 αξ
1806 3136 1979 3201 hoste
2006 3136 2236 3202 stativis
2257 3136 2575 3203 collocatis.
2662 3136 2936 3222 Plerique
2965 3143 3274 3202 castrame-

890 3221 1097 3286 tatoris
1125 3221 1342 3288 milites
1369 3221 1594 3302 Iberni,
1613 3229 1674 3290 et
1690 3221 2126 3309 Anglo-Iberni
2141 3222 2432 3288 Catholici
2459 3229 2647 3303 erant,
2675 3224 2782 3290 sed
2809 3223 2847 3287 a
2874 3221 3275 3290 sacerdotibus

890 3307 1161 3394 Anglicae
1202 3307 1479 3375 factionis
1505 3331 1631 3374 non
1656 3308 1809 3374 bene
1857 3308 2016 3376 docti
2065 3308 2501 3392 existimabant,
2531 3309 2647 3378 sibi
2675 3309 2850 3376 licere
2875 3333 2982 3398 pro
3010 3311 3276 3398 principe

889 3399 1257 3479 protestante
1284 3402 1491 3461 contra
1517 3394 1857 3462 Catholicos
1885 3419 2167 3482 pugnare,
2199 3396 2342 3462 dum
2370 3399 2436 3464 in
2479 3396 2886 3483 spiritualibus
2926 3420 3050 3462 non
3095 3395 3274 3463 habe-

888 3487 1023 3546 rent
1050 3503 1187 3547 cum
1214 3482 1505 3549 haereticis
1532 3482 2031 3549 communionem.
2073 3481 2170 3548 Ex
2189 3484 2404 3549 horum
2465 3484 2615 3549 rinei
2653 3483 2789 3550 ibus
2822 3491 2947 3550 erat
2977 3483 3276 3550 Henricus

891 3567 1185 3634 O'Nellus
1212 3576 1606 3656 cognomento
1651 3569 1693 3634 J
1694 3569 1889 3649 unior,
1937 3571 2040 3655 qui
2081 3577 2254 3636 antea
2282 3570 2392 3636 sub
2502 3569 2603 3636 Ne
2647 3571 2776 3636 oin
2805 3571 3110 3636 haereticos
3137 3569 3273 3649 fide,
3365 3629 3374 3636 .

890 3662 952 3721 et
980 3656 1257 3722 acerrime
1286 3656 1679 3723 dimicaverat.
1726 3655 1828 3722 Ad
1854 3655 2072 3736 locum,
2146 3657 2208 3722 ui
2236 3655 2591 3723 Keannhuir
2617 3656 3024 3722 nominatum*
3067 3655 3274 3722 O'Do-

890 3743 1096 3808 charta
1120 3743 1187 3809 in
1212 3743 1363 3809 illud
1392 3749 1717 3809 castrorum
1745 3764 1950 3822 cornu,
2023 3765 2100 3809 uo
2174 3741 2470 3810 Heni-icus
2498 3742 2759 3823 tenebat,
2778 3765 2916 3808 cum
2932 3742 3272 3842 quingentis

890 3829 1129 3896 armatis
1154 3836 1340 3896 noctu
1367 3830 1510 3895 facit
1534 3829 1863 3916 impetumt
1908 3851 1946 3893 v
2026 3851 2130 3894 um
2177 3828 2376 3895 subitb
2425 3839 2827 3916 transgressus
2852 3829 3064 3916 vigiles
3093 3837 3272 3917 atque

890 3915 1165 3982 custodes
1207 3917 1534 3982 interimit:
1579 3917 1769 4002 prima
1816 3916 2072 3982 tentoria
2098 3923 2338 4002 repente
2367 3917 2656 3997 circumit,
2686 3923 2747 3982 et
2773 3917 3078 3982 incendit:
3123 3924 3269 3982 stra-

888 4025 1027 4090 gem
1052 4000 1317 4087 undique
1345 4003 1506 4070 edit:
1550 4024 1693 4068 mox
1718 4003 1783 4068 in
1812 4001 2065 4068 Henrici
2090 4001 2541 4068 tabernaculum
2557 4003 2748 4082 irruit,
2768 4003 2889 4090 qub
2917 4004 3092 4069 etiam
3122 4025 3154 4068 r
3231 4002 3268 4017 “

886 4089 1104 4156 milites
1132 4089 1511 4155 semisomnes
1538 4088 1755 4177 pavidi,
1786 4095 1849 4154 et
1891 4089 2146 4155 inermes
2173 4111 2247 4154 ex
2289 4088 2534 4156 aliorum
2565 4087 3078 4167 tabernaculorum
3105 4025 3270 4156 effi:

884 4181 1290 4263 pervenerant.
1379 4174 1501 4242 Hic
1546 4181 1715 4242 atrox
1755 4195 1960 4262 pugna
2004 4175 2410 4242 committitur.
2499 4177 2724 4264 Incipit
2773 4175 3074 4244 Henricus
3128 4199 3268 4244 suos

885 4261 1194 4344 consolari,
1224 4261 1585 4344 confirmare,
1613 4261 1805 4348 adque
1833 4284 1898 4328 se
1923 4261 2199 4342 tuendos,
2223 4269 2284 4328 et
2311 4261 2608 4329 sociorum
2633 4285 2840 4330 necem
2865 4263 3266 4330 ulciscendam

884 4349 1128 4429 hortari,
1173 4349 1362 4415 hostis
1410 4350 1493 4415 im
1534 4355 1699 4416 etum
1746 4347 2065 4414 fortissime
2115 4347 2452 4418 dimicando
2509 4350 2816 4430 sustinere,
2858 4349 3266 4417 laborantibus

885 4433 1217 4503 subsidium
1236 4435 1425 4517 ferre3
1470 4372 1850 4502 B'Docharta
1877 4441 2084 4502 contra
2111 4457 2251 4501 suos
2271 4435 2460 4504 crebis
2479 4436 2986 4502 exhortationibus
3014 4437 3090 4503 ad
3119 4459 3268 4526 prae·

884 4521 1151 4590 liandum
1180 4522 1513 4604 accendere,
1544 4522 1771 4610 pavidis
1798 4522 2013 4589 addere
2039 4529 2341 4604 terrorem,
2372 4523 2449 4590 ad
2478 4523 2829 4603 Hem-icum,
2858 4524 3030 4610 cujus
3057 4545 3268 4592 vocem

888 4610 1286 4679 confirmantis
1314 4609 1607 4691 audiebat,
1638 4609 1929 4678 accedere.
2019 4607 2319 4678 Hem-icus
2347 4611 2472 4677 suis
2497 4610 2630 4678 loeo
2673 4609 3017 4678 cedentibus
3043 4609 3266 4679 Catho-

1162 4815 1191 4842 ⁸
1226 4811 1575 4877 Kinnaweer,
1598 4811 1656 4867 in
1678 4812 1775 4868 the
1796 4811 1964 4868 north
1989 4811 2056 4867 of
2083 4813 2178 4868 the
2201 4813 2386 4884 par-ish
2412 4813 2479 4867 of
2508 4809 2953 4868 Kilmacrsnnan.
