3634 5842
374 759 511 806 car.
556 738 653 824 x.]
774 763 863 810 nu
903 765 1203 816 Quaruou
1244 769 1465 816 sams
1510 769 2087 818 ransrcunomaus
2130 767 2414 816 rursm-rs.
2633 753 2756 818 281

368 919 549 998 atque
576 913 985 984 defensoribus
1014 921 1247 1005 rejectis
1288 927 1351 986 et
1392 921 1777 1003 labefactatis,
1808 929 1871 988 et
1897 923 2062 1010 impu
2149 923 2415 990 atoribus
2443 922 2666 1004 accitis,
2697 923 2762 990 in

368 998 813 1070 catholicorum
840 1005 1083 1072 sedibus
1112 1007 1422 1074 haereticos
1452 1010 1663 1076 statuit
1690 1009 1998 1078 collocare.
2127 1019 2306 1096 taque
2332 1011 2598 1098 ingentia
2627 1018 2762 1078 tum

366 1085 722 1174 Anglorum,
754 1098 885 1158 tum
915 1093 1227 1160 Scotorum
1258 1097 1527 1163 examina
1554 1097 1808 1164 ductura
1827 1097 2090 1164 colonias
2111 1097 2414 1164 Iberniam
2441 1097 2758 1178 inundant,

366 1175 587 1274 quibus
614 1178 741 1262 agri
768 1191 832 1244 et
860 1181 1185 1266 municipia
1230 1181 1551 1250 Catholicis
1599 1183 1956 1269 abjudicata,
1997 1185 2432 1271 adjudicantur.
2517 1185 2760 1252 Posses-

364 1283 565 1328 slones
590 1271 771 1350 atque
800 1266 1055 1334 ditiones
1084 1267 1230 1334 O’N
1230 1269 1351 1350 elli,
1380 1269 1721 1350 O'Donelli,
1752 1270 2134 1337 O'Snllevani
2165 1272 2394 1352 Bearri,
2425 1271 2756 1350 O'Ruarki,

366 1347 797 1432 O'Oonchuris,
848 1353 1169 1436 O'Morrae,
1220 1356 1365 1424 Mac
1410 1357 1687 1437 Mahuni,
1748 1357 1890 1424 Mac
1942 1357 2199 1438 Guieris,
2245 1359 2387 1426 Mac
2444 1359 2756 1439 Williami,

362 1438 597 1504 comitis
625 1438 965 1507 Desmonioe
990 1451 1054 1508 et
1081 1443 1352 1522 aliorum,
1384 1445 1487 1530 qui
1514 1467 1623 1531 pro
1650 1444 1767 1510 fide
1794 1444 2023 1510 tuenda
2049 1445 2450 1531 superioribus
2480 1443 2670 1524 bellis,
2691 1468 2757 1512 se

360 1522 713 1592 fortissimos
741 1534 921 1614 atque
962 1531 1471 1598 constantissimos
1519 1539 1844 1618 gesserant,
1872 1532 2029 1598 inter
2054 1532 2362 1598 haereticos
2389 1530 2754 1598 distribuun-

360 1617 481 1678 tur.
570 1613 888 1684 Quomodo
918 1639 1056 1682 cnm
1087 1617 1377 1684 Ibernicae
1404 1625 1468 1684 et
1494 1619 1815 1686 Catholicae
1857 1618 2132 1685 factionis
2173 1619 2544 1705 principibus
2571 1619 2754 1686 fuisse

358 1709 578 1778 act-um,
610 1723 725 1786 ego
749 1703 989 1788 quidem
1018 1726 1143 1770 non
1172 1705 1373 1784 miror,
1402 1727 1540 1772 cum
1568 1706 1747 1772 etiam
1777 1704 1983 1772 Iberni
2008 1705 2283 1771 factionis
2319 1706 2593 1807 Anglicae
2619 1706 2755 1772 nul·

356 1783 477 1852 lam
526 1788 901 1856 clementiam
948 1792 1015 1856 in
1056 1791 1536 1860 Protestantibus
1582 1793 1966 1880 comperiant.
2054 1793 2334 1879 Namque
2391 1794 2456 1860 lu
2514 1813 2754 1880 quoque

354 1871 611 1953 tabulas,
657 1877 755 1942 vel
800 1876 1043 1964 publica
1088 1879 1449 1959 testimonia,
1500 1879 1719 1965 quibus
1766 1880 1945 1946 fidem
1992 1879 2216 1946 faciant
2263 1879 2661 1966 vectigalium,
2691 1887 2754 1946 et

356 1983 597 2028 suarum
646 1985 845 2032 rerum
896 1965 1226 2032 dominium
1276 1966 1355 2032 ad
1380 1989 1445 2032 se
1466 1967 1784 2066 pertinere,
1808 1965 2100 2054 jubentur
2125 1965 2422 2033 exhibere.
2512 1965 2752 2038 Quibus

354 2047 574 2116 tabulae
603 2049 839 2133 desunt,
870 2052 967 2118 his
992 2075 1105 2120 nec
1154 2055 1267 2120 oevi
1314 2053 1651 2140 longissimi
1676 2053 2064 2141 praescriptio,
2093 2075 2206 2120 nec
2234 2054 2530 2140 possessio
2558 2054 2752 2120 homi-

354 2157 503 2202 num
550 2139 853 2220 memoria,
900 2145 963 2204 et
1009 2141 1277 2226 ipsorum
1325 2140 1505 2206 etiam
1554 2140 1894 2226 Anglorum
1944 2139 2350 2206 dominatione
2393 2141 2460 2206 in
2509 2141 2752 2208 Ibernia

354 2223 657 2310 antiquior
697 2249 813 2292 ,nec
860 2226 1283 2294 chronicorum
1326 2228 1657 2294 authoritas
1702 2227 1969 2328 prodest.
2060 2226 2300 2298 Quibus
2343 2226 2565 2294 tabulae
2593 2228 2748 2314 jure,

352 2309 735 2398 legitimeque
763 2313 1037 2399 perfectae
1065 2321 1291 2395 extant,
1342 2337 1441 2382 eas
1467 2319 1749 2382 trecentis
1776 2313 2108 2394 fraudibus,
2137 2315 2302 2380 mille
2329 2314 2524 2380 modis
2550 2315 2748 2382 irritas

352 2398 543 2465 facere
558 2399 965 2466 Protestantes
992 2402 1447 2468 machinantur:
1477 2409 1540 2468 et
1554 2425 1627 2468 eo
1642 2400 1862 2480 colore,
1885 2400 2048 2488 quod
2074 2399 2296 2468 tabulae
2325 2403 2450 2466 sint
2475 2403 2748 2482 infirmae,

351 2484 691 2552 Catholicos
734 2485 1176 2554 haereditatibus
1226 2488 1504 2574 spoliant,
1546 2488 1643 2556 vel
1668 2487 1747 2553 ad
1774 2511 1874 2554 eas
1943 2487 2093 2554 retio
2121 2488 2492 2554 redimendas
2519 2499 2749 2574 cogunt

350 2573 527 2672 factis
554 2572 685 2638 aliis
712 2573 1123 2673 instrumentis
1150 2573 1583 2675 infirmissimis,
1614 2581 1677 2640 et
1702 2573 1886 2673 invali
1933 2574 2165 2672 sennis,
2195 2583 2300 2675 aut
2329 2597 2402 2640 ex
2429 2574 2746 2674 uberrimis

350 2657 1878 2812 Effiffimmetumorisshitffiffissniaessfffflss
1907 2659 2255 2812 {ffissbffi
2263 2661 2744 2832 fflffiiffl:

349 2833 491 2899 dine
519 2839 686 2898 vasta
712 2832 997 2920 relegant,
1027 2833 1123 2898 vel
1149 2839 1279 2899 toto
1303 2855 1488 2919 regno
1511 2833 1661 2918 depe
1706 2839 1838 2897 unt.
1911 2832 2163 2898 Constat
2193 2833 2391 2912 etiam,
2422 2833 2744 2898 nonnullos

345 2921 805 3006 protestantium
832 2922 897 2986 in
926 2942 1055 2986 eam
1084 2920 1439 2986 sententiam
1466 2941 1593 2984 esse
1620 2919 1872 2999 locutos,
1889 2925 1962 2984 ut
1981 2919 2233 2984 Ibernos
2261 2941 2466 2985 omnes
2494 2927 2741 3000 veteres,

348 3014 410 3072 et
436 3030 624 3073 novos
652 3014 783 3074 toto
810 3031 997 3094 regno
1026 3007 1279 3094 ejiciant.
1379 3005 1559 3078 Quod
1610 3005 2004 3094 proculdubio
2033 3006 2331 3086 fecissent,
2361 3006 2480 3072 nisi
2507 3008 2740 3073 timuis-

347 3101 484 3160 sent
510 3118 573 3160 se
601 3095 665 3160 id
692 3117 817 3161 non
850 3095 1032 3161 fuisse
1080 3093 1471 3182 praestituros,
1518 3093 1658 3160 cum
1708 3093 1875 3179 quod
1909 3093 2108 3160 valent
2157 3093 2465 3174 molestiae,
2506 3095 2740 3181 injuriae

346 3181 567 3262 damni,
597 3181 842 3249 excidiis
866 3182 985 3248 illis
1013 3182 1229 3249 inferre
1254 3179 1501 3248 minime
1530 3181 2006 3268 praetermittant.
2096 3179 2334 3252 Quibus
2361 3183 2739 3268 potissimum

344 3270 543 3334 nervis
592 3271 919 3356 superiores
968 3269 1205 3356 Angliae
1250 3291 1419 3356 reges
1464 3269 1537 3334 ad
1592 3267 2007 3335 Iber-nieorum
2056 3291 2268 3356 genus,
2307 3275 2370 3334 et
2417 3269 2738 3336 factionem

342 3357 758 3442 extirpandum
809 3362 952 3424 sunt
1001 3357 1113 3436 usi,
1144 3356 1380 3422 eosdem
1428 3355 1471 3420 J
1472 3355 1692 3422 acobus
1740 3357 1807 3422 in
1852 3357 2262 3422 universorum
2292 3355 2734 3422 catholicorum

342 3445 654 3531 utriusque
699 3445 951 3534 generis,
998 3450 1060 3510 et
1100 3443 1375 3509 factionis
1404 3443 1724 3529 perniciem
1753 3449 2020 3530 usurpat.
2111 3443 2400 3528 Superius
2427 3441 2558 3508 fuse
2587 3445 2734 3508 satis

341 3530 733 3617 explicuimus
778 3531 941 3598 illam
988 3529 1183 3615 legem
1226 3530 1303 3596 de
1347 3530 1482 3615 jure
1527 3529 1892 3618 municipali,
1921 3529 2018 3594 vel
2066 3530 2322 3594 civitatis
2379 3527 2454 3594 ab
2513 3530 2731 3614 Anglis

338 3616 581 3704 regibus
608 3619 1047 3700 introductam„
1083 3637 1201 3703 qua
1228 3623 1455 3682 veteres
1496 3615 1703 3682 Iberni
1744 3639 1885 3682 suas
1909 3615 2074 3701 leges
2102 3619 2412 3702 antiquare
2437 3614 2728 3696 nolentes,
2751 3643 2933 3714 [217.]

338 3713 401 3768 et
450 3707 592 3771 novi
641 3713 907 3772 veterum
956 3703 1137 3790 leges,
1209 3723 1553 3789 moremque
1617 3703 1986 3788 recipientes,
2037 3723 2352 3767 munerum
2422 3702 2730 3788 incapaces

336 3791 738 3858 reddebantur
786 3790 1032 3878 perinde
1060 3813 1129 3856 ac
1172 3789 1225 3855 si
1251 3788 1535 3877 hospites,
1566 3795 1627 3854 et
1654 3789 2002 3889 alienigena
2029 3795 2264 3854 essent:
2310 3795 2372 3854 et
2398 3788 2444 3852 ii
2471 3796 2729 3870 tantum,

336 3881 443 3966 qni
486 3877 829 3964 Anglorum
876 3875 1113 3964 legibus
1162 3899 1289 3942 sese
1338 3875 1755 3962 subjiciebant,
1802 3897 1930 3940 sive
1957 3875 2102 3940 novi
2143 3875 2270 3940 sive
2317 3881 2546 3941 veteres
2573 3877 2731 3942 cives

334 3963 760 4034 efficiebantur.
846 3965 1035 4030 Nunc
1060 3985 1200 4030 vero
1226 3963 1271 4028 J
1272 3962 1493 4029 acubus
1520 3962 1764 4028 sustulit
1802 3961 1997 4049 legem
2025 3961 2201 4041 hanc,
2229 3961 2477 4028 eandem
2527 3963 2732 4030 civita·

333 4054 433 4134 tis,
462 4051 879 4132 immunitatis,
906 4050 1217 4130 libertatis,
1247 4050 1471 4136 legum,
1510 4050 1781 4136 jurisque
1821 4047 2226 4115 conditionem
2255 4047 2534 4115 omnibus
2562 4049 2730 4116 Iber-

334 4143 431 4208 nis
458 4141 771 4226 uta-iusque
796 4138 1105 4226 prosapiae,
1136 4144 1199 4204 et
1224 4138 1499 4203 factionis
1540 4135 1891 4217 concedens,
1907 4157 1980 4202 eo
2009 4135 2278 4214 consilio,
2305 4143 2380 4200 ut
2403 4135 2730 4221 improbos,

333 4235 515 4316 atque
538 4227 1025 4296 sceleratissimos
1052 4225 1346 4310 seligeret,
1375 4231 1439 4290 et
1478 4229 1815 4290 remuneret
1836 4251 1858 4304 3
1901 4222 2094 4288 bonos
2131 4243 2293 4302 vero,
2321 4222 2502 4308 longe
2531 4221 2730 4290 claris-

332 4317 537 4396 simos,
564 4322 629 4382 et
652 4313 1105 4382 honestissimos
1134 4313 1293 4378 viros
1318 4312 1575 4398 ejiceret,
1605 4309 1910 4398 affligeret,
1937 4308 2227 4398 perderet.
2315 4309 2559 4375 Etenim
2585 4331 2728 4376 con-

332 4405 613 4470 stitutum
638 4409 753 4482 cst,
780 4402 891 4490 qui
913 4422 1039 4466 non
1061 4401 1225 4486 juret
1250 4397 1547 4464 Jacobum
1570 4419 1699 4463 esse
1726 4397 1887 4477 fidei,
1915 4405 1978 4462 et
2003 4395 2266 4464 ecclesiae
2291 4397 2358 4462 in
2385 4396 2575 4482 ipsius
2593 4417 2728 4498 reg-

330 4490 427 4560 nis
452 4489 804 4578 principem,
832 4494 897 4556 st
924 4509 995 4554 ca
1032 4494 1125 4566 ut,
1175 4509 1255 4552 ns
1282 4485 1711 4571 rempublicam
1759 4489 2048 4570 capessat,
2077 4505 2202 4548 non
2231 4487 2502 4548 exerceat
2525 4483 2726 4550 civilia

328 4598 615 4644 munera:
660 4583 722 4646 et
746 4583 821 4643 ut
846 4575 975 4644 adi
1155 4571 1573 4660 jusjurandum
1624 4591 1832 4636 omnes
1857 4570 2108 4636 notioris
2135 4569 2396 4634 nominis
2423 4568 2726 4639 Iberniam

330 4661 665 4730 habitantes
690 4665 1027 4750 adigantur.
1118 4659 1273 4732 Qum
1298 4681 1423 4724 una
1448 4658 1821 4737 constitutio,
1849 4661 2142 4742 qnantum
2171 4657 2460 4722 universo
2485 4659 2572 4723 rei
2615 4658 2736 4724 ub·

328 4748 461 4820 lieo
508 4749 903 4818 calamitatem
946 4749 1237 4828 attulerit,
1284 4746 1509 4814 nullius
1550 4751 1645 4812 est
1684 4750 1922 4810 tantum
1961 4743 2190 4830 ingenii
2229 4743 2474 4824 flumen,
2503 4767 2544 4810 n
2639 4747 2652 4759 '
2697 4766 2730 4812 s

328 4845 499 4908 tanta
526 4839 764 4907 dicendi
808 4836 1183 4906 soeibendivc
1209 4833 1321 4916 vis,
1372 4839 1660 4920 tantaque
1710 4833 1881 4919 copia
1931 4836 2002 4898 ut
2029 4830 2222 4918 possit
2267 4829 2464 4898 verbis
2489 4832 2726 4913 referre,
