3634 5842
398 709 534 757 car.
577 692 730 777 ιιι]
853 763 861 771 ,
1078 717 1164 763 nn
1205 717 1407 765 annno
1451 720 1816 771 cumomni
1859 717 2192 765 monuit.
2635 697 2758 759 213

395 864 538 930 dote
579 868 896 933 comitatus
943 867 1154 935 incidit
1201 871 1266 937 in
1315 870 1704 939 Warhamum
1743 870 2151 938 Salincherum
2194 869 2463 955 Anglum
2504 867 2765 953 equitem

395 955 692 1019 Auratum
719 954 1163 1022 Momoniarum
1210 959 1554 1043 praefectum
1582 958 1885 1046 equitibus
1914 958 2218 1042 sexaginta
2246 956 2551 1042 stipatum.
2596 953 2767 1019 Inter

397 1060 500 1105 eos
544 1047 758 1127 praeter
843 1041 1074 1109 ublicas
1119 1044 1562 1111 inimicitiarum
1611 1069 1819 1113 causas
1868 1068 1937 1111 ea
1982 1044 2163 1109 etiam
2210 1043 2440 1129 privata
2466 1040 2765 1108 aemulatio

397 1133 558 1193 erat:
605 1127 768 1213 quod
885 1152 954 1194 ac
984 1129 1192 1196 Guieri
1223 1130 1446 1213 Iberni,
1473 1132 1800 1199 Warhamo
1851 1130 2039 1217 Angli
2082 1138 2295 1216 praeter
2337 1152 2543 1196 omnes
2580 1128 2765 1213 partis

397 1214 708 1299 utriusque
825 1216 981 1281 uites
1036 1218 1402 1299 fortitudine,
1459 1226 1522 1295 et
1578 1220 1925 1286 dexteritate
1966 1218 2280 1304 palmam,ss
2346 1222 2407 1283 et
2435 1215 2625 1303 princi
2700 1238 2763 1279 m
2784 1209 2966 1278 [168.]

383 1298 582 1366 locum
615 1301 810 1367 desere
851 1308 974 1369 ant.
1034 1303 1176 1371 Mac
1205 1305 1392 1371 Guier
1420 1312 1735 1394 conspecta
1762 1304 1995 1371 hostilis
2032 1305 2331 1390 equitatus
2357 1302 2604 1369 multitu
2650 1302 2761 1381 'ne,

385 1409 498 1452 nec
525 1388 748 1475 fugere,
779 1411 889 1455 nec
917 1411 1047 1457 sese
1076 1390 1288 1458 dedere
1330 1416 1404 1458 ex
1447 1416 1556 1459 sua
1583 1393 1875 1481 dignitate
1902 1414 2031 1457 esse
2056 1390 2311 1477 putavit.
2400 1388 2517 1455 Sed
2547 1388 2765 1454 additis

385 1496 541 1561 equo
592 1475 916 1542 calcaribus
963 1476 1030 1543 in
1076 1478 1304 1545 medios
1360 1480 1562 1546 hostes
1609 1480 1863 1566 proruit.
1968 1477 2153 1544 Illum
2208 1477 2380 1542 hasta
2434 1474 2767 1541 vibrantem

383 1560 664 1647 plumbea
707 1561 921 1650 glande
971 1584 1044 1629 ex
1091 1563 1482 1631 bombardula
1525 1567 1886 1633 Warhamus
1913 1564 2070 1630 ferit.
2157 1562 2565 1629 Nihilominus
2624 1561 2767 1627 Mac

385 1647 576 1714 Guier
617 1648 1008 1717 Warhamum
1059 1651 1230 1717 hasta
1277 1655 1505 1739 appetit
1553 1660 1616 1719 et
1661 1654 1851 1719 ictum
1897 1652 2115 1718 evitare
2160 1651 2497 1738 cupientem
2554 1648 2767 1734 capitis

385 1734 776 1802 declinatione
803 1758 908 1822 per
957 1738 1244 1804 cassidem
1287 1740 1600 1827 transfigit,
1631 1749 1692 1805 et
1733 1740 1964 1806 hastam
1992 1738 2030 1802 ὲ.
2056 1738 2249 1823 capite
2316 1736 2629 1802 cudentem
2674 1758 2763 1801 re-
2866 1782 2874 1787 -

382 1822 661 1923 linquens
689 1824 895 1891 stricto
952 1823 1149 1912 gladio
1249 1848 1314 1892 er
1369 1826 1596 1893 medios
1652 1827 1854 1893 hostes
1910 1824 2124 1903 evadit,
2173 1823 2293 1889 duo
2336 1846 2406 1889 us
2464 1821 2765 1908 equitibus

386 1914 566 1975 etiam
621 1911 856 1991 sauciis,
907 1918 969 1977 et
1018 1934 1178 1977 sacer
1221 1920 1319 1979 ote
1368 1914 1787 2000 sequentibus:
1834 1933 2155 1997 rursusque
2212 1911 2567 1976 circumacto
2610 1932 2763 1994 equo

384 2018 674 2082 proruens
702 2020 909 2064 omnes
937 1999 1156 2080 fundit,
1187 2006 1249 2065 et
1275 2000 1465 2087 fugat,
1495 2023 1607 2066 nec
1632 2001 1812 2087 longe
1844 2005 2081 2075 secutus
2109 1998 2451 2083 priusquam
2480 1996 2547 2061 in
2574 2004 2765 2061 castra

383 2085 550 2149 venit
577 2084 652 2149 ad
682 2083 1028 2165 O'Nellum,
1060 2108 1213 2172 equo
1265 2086 1625 2153 descendens
1666 2111 1703 2154 a
1748 2085 2048 2152 sacerdote
2093 2085 2363 2170 expiatus
2420 2106 2493 2147 ex
2522 2083 2765 2147 vulnere

387 2171 646 2237 animam
675 2172 898 2238 effiatt*
975 2171 1162 2238 Cuius
1205 2194 1395 2260 equus
1430 2174 1630 2241 inedia
1657 2174 1915 2261 perierit.
2003 2170 2365 2237 Warhamus
2405 2189 2643 2255 quoque
2689 2191 2765 2234 ex

383 2256 628 2324 vulnere
661 2259 738 2324 ad
793 2260 1084 2325 insaniam
1132 2261 1404 2327 redactus
1451 2262 1612 2327 intra
1667 2260 1793 2326 dies
1851 2258 2189 2346 quindecim
2230 2280 2265 2323 e
2321 2257 2445 2323 vita
2474 2256 2761 2322 discessit.

385 2344 532 2409 O’N
533 2345 682 2411 ellus
711 2368 914 2412 secum
959 2346 1225 2413 deferens
1272 2348 1584 2414 Donatum
1611 2348 1753 2413 Mac
1781 2347 2065 2412 Cari-ham
2094 2344 2247 2410 Aliae
2296 2343 2761 2428 competitorem,

383 2454 462 2497 ne
516 2432 584 2497 in
639 2431 978 2519 Anglorum
1034 2434 1284 2519 gratiam
1339 2434 1576 2514 rediret,
1633 2436 1696 2499 in
1748 2434 2059 2499 Ultoniam
2106 2432 2438 2509 revertitur,
2469 2429 2763 2496 Urmonio

383 2519 623 2597 comite,
655 2520 756 2603 qui
781 2517 1092 2584 videbatur
1132 2520 1334 2605 praelio
1363 2521 1768 2598 dimicaturus,
1799 2520 1951 2585 nihil
1979 2518 2319 2591 obtsante.†
2402 2515 2763 2582 Vertebatur

385 2626 582 2670 annus
625 2604 972 2670 millesimus
1021 2608 1499 2686 sexcentesimus,
1559 2630 1698 2672 cum
1755 2605 2003 2672 Carolus
2058 2605 2322 2670 Bluntus
2380 2602 2612 2668 Montis
2638 2602 2764 2668 loeti

383 2690 530 2755 baro
559 2712 698 2755 cum
725 2714 864 2790 μοι·
945 2692 998 2757 'o
1033 2692 1280 2790 imperio
1309 2715 1508 2792 mense
1529 2692 1855 2759 Februario
1883 2693 1947 2756 in
1974 2690 2277 2790 Iberuiam
2304 2689 2582 2755 mittitur.
2638 2688 2764 2761 Qui

381 2777 910 2930 {ssfflssassssufi
923 2774 2764 2951 3233sst.⁰“1²}¹13¹1²¹31332⁶53531‘122⁰;533?ss30gffgfflffm

383 2958 448 3017 et
469 2951 542 3017 ab
561 2950 822 3017 O'Nello
854 2950 1212 3036 quotidianis
1241 2952 1458 3039 praeliis
1475 2960 1538 3018 et
1564 2952 1738 3032 valle,
1763 2952 2036 3036 fossaque
2059 2948 2253 3015 ductis
2270 2949 2336 3014 in
2355 2948 2565 3013 itinere
2582 2948 2765 3013 inter·
2850 2970 2857 2983 ·

382 3038 585 3103 clusus
613 3037 780 3103 aditu
808 3038 884 3103 ad
913 3036 1309 3103 Ardmacham
1355 3046 1416 3104 et
1444 3039 1668 3118 Iurem,
1715 3038 1935 3103 infecta
1978 3059 2043 3102 re
2085 3034 2501 3101 Dubhlinnam
2545 3034 2763 3119 redit.‡

383 3124 678 3190 O’Nellus
706 3124 860 3190 nihil
887 3124 1262 3191 memorabile
1291 3124 1494 3192 damni
1521 3126 1664 3192 fecit
1690 3130 2103 3225 praeterquam,
2136 3122 2297 3209 quod
2349 3121 2595 3187 Petrum
2618 3121 2765 3187 Les-

384 3211 540 3277 sium
567 3211 946 3277 Momonium
975 3220 1286 3278 strenuum
1315 3214 1596 3299 equitem,
1629 3234 1800 3279 cuius
1830 3211 2101 3298 superius
2117 3209 2478 3275 mentionem
2496 3210 2763 3287 fecimus,

383 3298 724 3364 bombardoe
745 3300 910 3385 jactu
940 3299 1008 3364 in
1027 3300 1221 3386 capite
1247 3300 1626 3367 vulneratum
1655 3298 2072 3384 desideravit.§

381 3479 466 3536 ἑο.
491 3478 748 3543 Donnell,
772 3497 872 3535 son
896 3478 962 3533 of
979 3480 1237 3544 Donnell,
1261 3498 1360 3535 son
1383 3479 1450 3534 of
1475 3478 1744 3534 Dei-mod.
1820 3476 1973 3532 Does
2014 3476 2125 3530 this
2146 3483 2383 3531 account
2406 3474 2494 3529 for
2518 3474 2612 3529 the
2638 3492 2769 3547 very

383 3550 630 3607 succinet
651 3550 925 3605 narrative
950 3551 1017 3605 of
1040 3552 1137 3605 the
1163 3550 1416 3605 Munster
1465 3568 1532 3605 ex
1569 3550 1778 3604 edition
1800 3548 1860 3602 in
1882 3548 1977 3603 the
2000 3554 2121 3602 text
2138 3548 2337 3603 i’-See
2368 3545 2667 3609 Lombard,
2748 3586 2763 3602 .

386 3626 490 3676 481
509 3621 598 3676 for
612 3621 706 3674 the
730 3628 1045 3693 arguments
1069 3622 1140 3693 by
1157 3621 1334 3675 which
1356 3568 1568 3676 offleii)
1579 3619 1959 3674 endeavoured
1984 3626 2043 3673 to
2060 3618 2200 3689 rally
2218 3625 2276 3672 to
2292 3616 2376 3671 his
2394 3616 2658 3671 standard
2676 3564 2770 3672 tge

385 3694 642 3751 munster
668 3692 964 3747 Catholics.
1039 3694 1094 3747 lt
1117 3693 1164 3745 is
1187 3692 1442 3747 manifest
1480 3690 1604 3745 that
1642 3692 1739 3745 the
1761 3689 1926 3744 letter
1950 3687 2016 3743 of
2046 3687 2297 3743 Olement
2321 3686 2498 3741 V111.
2522 3687 2633 3741 had
2666 3695 2767 3743 not

381 3764 602 3820 arrived
625 3763 814 3817 before
838 3763 932 3817 the
951 3763 1206 3817 Munster
1231 3762 1560 3835 expedition,
1585 3780 1637 3833 p.
1661 3764 1785 3816 463.

457 3838 482 3865 *
519 3834 718 3890 March
739 3838 795 3897 5,
825 3836 978 3888 1600.
1056 3834 1293 3905 “Prope
1337 3834 1674 3905 Oorkagium
1715 3831 1939 3886 fortiter
1972 3836 2167 3884 contra
2188 3828 2475 3884 hereticos
2499 3845 2573 3899 pu
2650 3846 2765 3893 ans,

383 3914 510 3981 post
529 3906 732 3962 multas
755 3912 917 3959 antea
961 3913 1146 3977 partas
1171 3904 1447 3966 victorias,
1473 3904 1651 3957 victor
1675 3919 1800 3955 cum
1823 3902 2007 3973 parvis
2032 3900 2200 3972 copiis
2224 3899 2421 3953 vulnus
2443 3898 2555 3953 leth
2611 3917 2643 3954 e
2676 3918 2765 3954 ac-

385 3978 646 4103 ξέἒῗκξῖ.
674 3976 1214 4132 ἓῖἓὴῖἶῖῗὲἓῖὧᾱ
1232 3983 1498 4101 ma?
1511 3970 2772 4115 elffl‘efflffiffissfflha³32

388 4120 541 4176 θοι-1(
565 4119 734 4175 about
757 4118 864 4173 this
888 4118 1214 4173 time.—See
1239 4118 1390 4172 Four
1413 4118 1664 4184 Manere,
1688 4133 1743 4188 p.
1771 4118 1933 4169 2161.

456 4196 490 4261 †
526 4192 676 4246 Four
699 4191 951 4252 Manen,
975 4208 1027 4261 p.
1050 4192 1210 4243 2165.

459 4264 492 4333 ss
530 4262 822 4333 Mountjoy
844 4261 1104 4315 marched
1125 4266 1186 4315 to
1209 4260 1305 4315 the
1346 4258 1512 4314 north
1552 4257 1710 4311 three
1732 4258 1893 4311 times
1916 4254 1975 4310 in
2004 4258 2171 4312 1600:
2213 4256 2344 4327 May
2366 4258 2403 4309 5
2425 4274 2442 4321 ς
2480 4253 2617 4327 July
2644 4255 2712 4306 12
2740 4274 2758 4318 3

384 4334 705 4408 September
734 4335 816 4386 14.
887 4330 1050 4386 Nono
1069 4331 1135 4386 of
1162 4330 1247 4385 his
1270 4329 1606 4402 expeditioris
1641 4328 1820 4383 lasted
1842 4328 1999 4382 three
2034 4327 2273 4382 months.
2351 4325 2537 4380 Twice
2559 4325 2629 4379 he
2666 4323 2761 4377 ad-

383 4406 592 4461 vanced
615 4414 675 4459 to
701 4402 924 4475 Nem-y,
945 4403 1046 4457 but
1070 4410 1170 4457 not
1209 4410 1270 4456 to
1313 4400 1584 4473 Armagh.
1663 4400 1754 4454 On
1793 4399 1889 4453 the
1932 4398 2067 4452 20th
2109 4399 2176 4452 of
2203 4396 2518 4469 September
2555 4395 2627 4449 he
2649 4412 2760 4449 was

381 4475 676 4548 encamped
698 4482 758 4529 at
783 4474 1098 4547 Faughard,
1114 4473 1242 4528 four
1259 4472 1414 4527 miles
1429 4471 1642 4543 beyond
1660 4470 2301 4540 Dundalk.-—Moryson,
2327 4468 2433 4522 vol.
2457 4468 2495 4523 i.
2518 4484 2609 4540 pp.
2640 4469 2759 4528 150,

385 4552 524 4615 185;
579 4548 727 4602 Four
781 4546 1034 4612 Manere,
1079 4563 1116 4618 p
1156 4583 1171 4599 .
1223 4546 1563 4605 2228-2225,
1609 4541 1753 4608 who,
1795 4541 1864 4594 of
1890 4558 2105 4603 course,
2144 4540 2269 4623 give
2312 4556 2379 4593 an
2420 4545 2657 4594 account
2703 4536 2769 4591 of

379 4619 540 4677 those
563 4636 632 4674 ex
699 4616 902 4673 ditions
927 4617 1078 4689 quite
1135 4616 1349 4671 ‘fferent
1372 4614 1516 4669 from
1540 4612 1634 4667 the
1657 4611 1897 4683 English
1922 4610 2263 4665 authorities.

451 4690 485 4759 ς
521 4688 614 4745 He
675 4689 746 4744 ad
767 4688 931 4761 lately
954 4688 1220 4744 returned
1247 4686 1394 4742 from
1419 4684 1692 4747 Munster,
1719 4686 1849 4747 Cot,
1866 4700 1955 4756 pp.
1982 4686 2110 4750 4³0,
2132 4680 2260 4737 4312
