3634 5842
881 727 1004 791 158
1280 724 1694 791 o’suttnvam
1743 746 2055 791 mercam
2100 744 2484 805 carnonam,
2527 746 2675 793 ron.
2706 747 2808 794 111.
2980 728 3135 813 [Lus.
3176 748 3251 794 11.

881 891 1216 960 Catholicos
1257 891 1334 958 ad
1362 895 1664 963 haereticas
1693 892 2070 959 caeremonias
2110 893 2329 957 invitos
2358 891 2648 979 cogendo,
2674 893 3125 979 resistentesque
3154 918 3257 981 pa-

879 982 1105 1067 pisticse
1157 980 1264 1058 (sic
1312 989 1705 1066 protestantes
1753 979 2107 1064 loquuntur)
2159 979 2328 1064 legis,
2358 985 2419 1044 et
2468 981 2789 1066 majestatis
2816 981 2970 1046 laesae
3008 984 3259 1047 crimine

879 1065 1296 1143 insimulandO,
1321 1076 1496 1155 atque
1523 1067 1816 1135 mulctitia
1844 1064 2455 1216 pecuniadplectendo,
2484 1068 2638 1133 etin
2664 1069 2905 1132 miseras
2933 1088 3258 1154 pauperum

880 1155 1148 1219 fortunas
1198 1153 1400 1221 hiante
1429 1178 1530 1221 ore
1573 1157 1862 1242 impetum
1909 1152 2100 1217 facien
2142 1170 2198 1217 o.
2283 1152 2471 1239 Cujus
2513 1152 2730 1240 piaculi
2758 1176 2987 1239 paenam
3016 1154 3259 1220 minime

883 1240 1012 1306 sero
1039 1239 1171 1317 luit,
1204 1239 1349 1307 dum
1376 1243 1441 1308 in
1470 1242 1696 1308 aedibus
1747 1240 1871 1305 suis
1919 1246 2097 1304 nocte
2146 1238 2551 1319 comburitur-3
2596 1241 2767 1327 cujus
2815 1242 2902 1305 rei
2950 1242 3261 1307 authorem

881 1328 1066 1392 fuisse
1094 1326 1235 1391 Mac
1263 1328 1512 1395 Guirem
1560 1328 1748 1415 Angli
1777 1331 2038 1411 arguunt
2066 1332 2128 1391 et
2154 1325 2221 1391 in
2262 1327 2363 1412 jus
2406 1332 2641 1406 vocant,
2678 1349 2932 1412 cumque
2980 1327 3057 1393 ad
3104 1328 3260 1393 diem

883 1413 1110 1480 dictum
1155 1435 1220 1478 se
1269 1415 1335 1480 in
1378 1415 1604 1502 judicio
1654 1436 1778 1480 non
1822 1413 2085 1491 stitisset,
2115 1412 2272 1477 diem
2302 1412 2375 1477 de
2404 1410 2499 1477 die
2547 1436 2654 1500 per
2678 1414 3122 1480 frustrationem
3152 1414 3261 1479 dif-

751 1558 754 1563 .
882 1500 1094 1578 ferens,
1126 1503 1416 1567 exercitus
1446 1502 1584 1583 duo,
1617 1502 1722 1588 qui
1748 1499 1919 1565 illum
1949 1499 2045 1563 vel
2071 1499 2340 1565 vinctum
2380 1500 2617 1565 trahant
2663 1500 2759 1565 vel
2787 1499 2959 1566 bonis
2987 1501 3263 1567 omnibus

883 1592 1122 1665 exuant,
1174 1589 1645 1656 conscribuntur..
1732 1587 1982 1653 Interim
2037 1584 2177 1651 Mac
2206 1586 2392 1651 Guier
2433 1586 2665 1674 Anglos
2708 1609 2929 1674 paucos
2956 1611 3029 1653 ex
3058 1589 3131 1654 iis
3160 1589 3264 1673 qui

886 1674 1295 1740 Connachtam
1320 1676 1677 1753 incolebant,
1710 1673 2099 1761 depraedatur.

973 1761 1100 1827 Sub
1172 1762 1285 1828 hoc
1339 1769 1575 1849 tempus
1653 1759 2013 1827 Edmundus
2092 1758 2232 1825 Mac
2282 1758 2638 1826 Gabhranns
2694 1758 2949 1827 Iberm'ae
3027 1762 3263 1847 primas,

885 1848 1383 1935 Archiepiscopus
1431 1849 1784 1915 Ardmachae
1830 1870 1903 1912 ex
1948 1844 2241 1932 Hispania
2268 1846 2306 1910 a
2334 1846 2524 1912 Iaimo
2568 1846 2877 1933 Flamingo
2905 1848 3269 1914 Pontanensi

885 1941 1208 2001 mercatore
1235 1937 1490 2016 vehitur,
1521 1935 1744 2001 habens
1773 1934 1849 2000 ad
1878 1932 2129 1999 Ibernos
2178 1934 2334 2019 regis
2366 1933 2672 2020 Hispaniae
2714 1934 3008 2015 mandata,
3038 1943 3104 2000 vt
3132 1956 3265 2020 pro-

885 2021 1244 2088 testantibus
1265 2045 1373 2109 pro
1402 2022 1549 2089 Fide
1576 2021 1882 2089 catholica
1908 2018 2129 2086 bellum
2158 2020 2441 2100 indicant,
2474 2022 2527 2087 δε
2555 2019 2629 2085 ab
2657 2022 2787 2106 ipso
2832 2042 3010 2107 quam
3036 2022 3270 2087 celerri-

889 2106 985 2173 me
1013 2108 1298 2173 auxilium
1325 2109 1686 2175 mittendum
1735 2114 1881 2186 esse,
1910 2107 2287 2192 intelligant:
2336 2109 2387 2171 δι
2416 2106 2490 2172 ad
2521 2107 2661 2173 Mac
2690 2106 2989 2188 Guierem,
3020 2110 3124 2194 qui
3150 2110 3271 2173 iam

888 2193 1109 2260 bellum
1160 2196 1420 2281 gerebat,
1471 2196 1790 2281 profectus,
1844 2194 2130 2279 cupidum
2180 2193 2438 2260 bellandi
2497 2194 2690 2259 virum
2740 2194 3029 2260 Catholici
3224 2196 3235 2207 ⁰

888 2280 1082 2346 verbis
1114 2284 1166 2345 δε
1193 2282 1396 2347 auxilii
1445 2306 1474 2346 s
1517 2306 1550 2347 e
1577 2284 1642 2348 in
1669 2282 1931 2367 incoepto
1979 2278 2149 2345 facile
2192 2280 2579 2346 confirmavit.
2666 2280 2821 2346 Cum
2849 2282 3099 2368 primate

892 2367 1080 2432 Guier
1127 2367 1419 2434 Brethnia
1469 2305 1778 2434 &nuath
1845 2367 2181 2454 principatu
2230 2367 2573 2433 transmissa
2614 2390 2819 2432 rursus
2868 2368 3275 2453 Gon-nachtam

893 2454 1396 2627 ἰῖξὲῗᾶἓὶῗιῗ
1411 2452 3273 2628 θῗιῇῗῗζῗξὶωΕὲοὲξαὶἶὲἫεθᾋἮῃἛῗὲωᾞῖωῗῖἓὲ·

888 2629 1156 2695 lielmum
1181 2628 1574 2694 Guelfertum
1602 2628 1872 2716 Anglum
1915 2649 2052 2693 cum
2094 2628 2289 2713 parvis
2297 2564 2521 2714 Iimpiis.
2610 2628 2709 2693 Ad
2735 2627 2937 2694 locum
2964 2631 3063 2695 cui
3090 2630 3275 2695 Scuto

892 2715 1310 2782 miraculorum
1367 2716 1606 2801 [Skieth
1635 2738 1715 2781 na
1755 2714 2015 2798 bhfeart]
2066 2714 2388 2799 antiquitas
2416 2735 2634 2780 nomen
2661 2715 2898 2795 indidit,
2930 2717 3275 2782 occurritur.

891 2803 1219 2888 Vtriusque
1268 2803 1452 2889 partis
1501 2804 1799 2888 equitatus
1847 2801 2116 2889 peditum
2166 2801 2403 2887 agmina
2446 2800 2713 2887 praeibat,
2758 2803 2954 2867 tacitis
2996 2801 3279 2869 cornibus

900 2889 1242 2977 procedens.
1331 2888 1476 2955 Dies
1521 2899 1645 2956 erat
1697 2888 2046 2955 densissima
2102 2887 2322 2953 nebula
2370 2910 2653 2974 perquam
2703 2887 2971 2956 obscura.
3080 2890 3281 2961 Quare

945 2977 1068 3042 rius
1096 2976 1216 3042 fere
1245 2977 1481 3062 vtrique
1508 2976 1722 3042 alteros
1765 2975 2155 3055 offenderunt,
2187 2974 2367 3060 quam
2409 2974 2703 3040 viderunt.
2793 2976 2979 3063 Slgno
3006 2977 3156 3043 tuba
3184 2998 3281 3041 su-

902 3000 1031 3127 bito
1059 3063 1200 3127 dato
1227 3064 1504 3148 vtrinque
1529 3064 1595 3129 in
1622 3085 1887 3149 pugnam
1914 3063 2234 3149 proruitur.
2324 3061 2463 3126 Mac
2492 3061 2698 3142 Guier,
2730 3084 2848 3147 quo
2876 3070 3002 3128 erat
3028 3086 3285 3150 praesen-

903 3149 1134 3214 tissimo
1163 3170 1392 3233 semper
1419 3150 1636 3227 animo,
1668 3148 2045 3214 Guelfertum
2072 3149 2242 3213 hasta
2268 3147 2602 3227 transfodit,
2629 3150 2680 3214 δι
2706 3148 3012 3230 interimit,
3040 3151 3287 3235 eiusque

907 3235 1236 3321 equitatum
1286 3234 1503 3314 fundit,
1557 3236 1608 3299 8z
1655 3234 1847 3321 fugat.
1934 3234 2075 3300 Mac
2128 3235 2407 3299 Guierem
2442 3256 2566 3300 non
2594 3235 2803 3321 procul
2829 3236 2968 3302 ante
3016 3236 3287 3323 pedestre

911 3344 1130 3473 {gffin
1175 3320 1579 3473 εἷὲυθὲαωτωςί
1599 3321 1911 3472 Ρῐίῑῑέαεοῖ
1942 3344 2021 3471 ιὲἱ)
2072 3328 2274 3473 vffictus
2294 3327 2412 3473 ἐὺ.
2433 3320 2668 3387 duobus
2692 3327 2944 3475 ἔξω
2986 3322 3288 3424 equitibus

964 3431 996 3474 e
1103 3431 1140 3473 o
1264 3431 1330 3473 ac
1411 3431 1444 3473 a
1579 3429 1721 3487 0,e
1850 3430 1885 3472 a
2012 3430 2047 3472 ο
2168 3430 2236 3473 ac
2354 3430 2705 3473 urerecomx
2840 3434 3045 3477 s:1n
3128 3434 3287 3490 uem,

914 3494 1058 3561 dum
1110 3494 1250 3561 Mac
1280 3431 1485 3560 Guier?
1513 3517 1650 3560 cum
1701 3494 2007 3559 Guelferto
2058 3494 2319 3574 dimicat,
2362 3494 2544 3560 altera
2590 3495 2740 3581 regii
2768 3498 3064 3581 equitatus
3090 3434 3291 3563 iiurma

713 3614 892 3681 [125]
913 3582 1143 3649 incidit.
1229 3581 1457 3648 Primas
1485 3581 1722 3667 fugiens
1749 3602 1903 3667 equo
1949 3580 2227 3665 corruit,u
2266 3584 2317 3645 δῦ
2346 3588 2566 3647 stratus
2595 3582 2764 3648 humi
2788 3584 3147 3650 interimitur
3174 3584 3293 3650 vna

916 3691 1054 3737 cum
1082 3669 1308 3735 Felmio
1337 3675 1661 3756 pugnante.
1749 3667 1847 3733 Ex
1874 3669 2108 3754 agmine
2149 3667 2454 3734 Catholico
2483 3668 2730 3754 pedites,
2762 3672 2867 3757 qui
2894 3672 3161 3756 primatis
3188 3693 3291 3736 vo-

915 3780 1044 3824 cem
1095 3764 1522 3843 cognoverunt,
1549 3756 1666 3821 etsi
1693 3756 1861 3822 illum
1891 3777 2013 3821 non
2066 3754 2361 3833 videbant,
2392 3754 2607 3821 nebula
2658 3757 2967 3823 oculorum
2995 3780 3169 3823 usum
3197 3758 3291 3823 in-

916 3844 1281 3944 tercipiente,
1313 3849 1652 3923 accurrunt,
1672 3845 1725 3910 a
1753 3841 2068 3909 Cathalum
2098 3842 2302 3907 stricto
2330 3843 2485 3907 ferro
2515 3864 2623 3928 pro
2651 3844 2902 3930 primate
2930 3845 3293 3931 praeliantem

919 3932 1319 3997 exist1mantes
1343 3954 1474 3996 esse
1503 3953 1575 3995 ex
1604 3928 2071 4015 protestantibus
2100 3928 2305 3993 multis
2346 3928 2687 3995 vulneribus
2706 3931 3045 4010 conficiunt,
3076 3934 3131 3997 8t
3156 3952 3293 4017 pro-

917 4022 1204 4083 testantes
1232 4039 1518 4101 equorum
1569 4018 1917 4102 pernicitate
1964 4016 2178 4083 fflaesos
2207 4016 2539 4082 dimittunt.
2635 4016 2958 4084 Interfecto
3001 4017 3295 4105 primate*

921 4104 1064 4169 Mac
1093 4103 1278 4169 Guier
1306 4104 1494 4189 magis
1523 4111 1784 4184 maestus,
1805 4104 1986 4189 quam
2008 4102 2253 4168 obtenta
2268 4102 2533 4183 victoria,
2554 4106 2607 4169 δι
2635 4104 2836 4190 Ρτωᾶθ,
2850 4104 3023 4170 laetus
3052 4105 3296 4171 domum

921 4190 1095 4257 redit.
1182 4190 1413 4255 Rursus
1455 4189 1835 4269 O'Ruarkus‚
1898 4192 1949 4255 8⁶
1979 4189 2119 4255 Mac
2149 4189 2335 4255 Guier
2384 4196 2711 4257 statuentes
2756 4212 2881 4257 non
2925 4192 3101 4259 modo
3200 4214 3294 4257 ro-

921 4276 1278 4343 testantibus
1308 4276 1542 4362 Anglis,
1575 4276 1678 4341 sed
1709 4277 1887 4341 etiam
1916 4277 1989 4341 iis
2017 4276 2335 4342 Catholicis
2362 4274 2615 4357 Iber-nis,
2646 4277 2751 4364 qui
2790 4278 2909 4344 illis
2938 4215 3296 4345 auxiliaban-

923 4370 1042 4444 tur,
1073 4386 1200 4430 esse
1228 4362 1602 4431 officiendum
1647 4363 1714 4428 in
1743 4363 1981 4429 Midhia
2027 4364 2279 4429 Inaliam
2328 4363 2691 4431 O’Pheralus
2738 4364 3025 4433 ditionem
3076 4367 3297 4453 deprae-

927 4451 1161 4517 dantur.
1249 4450 1403 4515 Cum
1433 4448 1648 4537 quibus
1676 4449 1751 4516 de
1778 4450 1983 4537 praeda
2008 4451 2183 4537 caepit
2200 4450 2460 4535 equestri
2474 4451 2682 4537 proelio
2710 4454 2959 4551 experiri
2988 4453 3299 4519 Guliemus

927 4536 1241 4618 O'Pheral,
1272 4538 1374 4603 sed
1403 4538 1467 4603 in
1494 4538 1624 4624 ipso
1655 4537 1925 4624 equitum
1952 4538 2143 4624 primo
2166 4560 2487 4625 congressu
2503 4538 2645 4604 Mac
2674 4538 2860 4605 Gmer
2886 4562 3105 4627 pugnae
3120 4540 3299 4605 finem

999 4818 1020 4844 ‘
1057 4817 1186 4889 July
1213 4821 1264 4885 3,
1293 4820 1446 4882 1593,
1473 4836 1605 4874 near
1633 4818 1827 4882 Tulsk,
1854 4820 2078 4892 Barony
2103 4818 2169 4873 of
2187 4819 2577 4883 Roscommon‚
2612 4838 2665 4891 p.
2695 4823 2846 4874 1939.
