3634 5842
892 804 1024 867 264
1277 801 1696 867 o’sunnavAm
1735 820 2055 865 maroam
2098 820 2487 879 cunonem,
2518 820 2668 865 Tou.
2700 820 2803 865 111.
2944 800 3101 885 [m.
3132 818 3285 864 vm.

893 986 1170 1044 Catholici
1195 986 1392 1058 Anglis
1416 985 1660 1039 faventes
1683 983 1988 1038 rationibus
2029 986 2087 1039 in
2126 986 2366 1041 secunda
2396 984 2689 1057 quaestione
2730 984 2983 1039 adductis
3020 1001 3078 1038 se
3100 972 3246 1039 tueri
3259 992 3285 1037 'a’

890 1057 1101 1112 nullum
1125 1058 1266 1110 enim
1290 1066 1576 1127 peccatum
1615 1055 1849 1109 mortale
1891 1057 2343 1111 committendum
2367 1066 2470 1124 est,
2496 1056 2703 1111 etiamsi
2730 1056 2862 1120 vita,
2882 1062 2981 1109 aut
3002 1073 3092 1109 res
3126 1055 3283 1111 fami-

890 1129 1041 1183 liaris
1079 1127 1380 1182 amittenda
1413 1128 1504 1182 ait.
1579 1126 1671 1180 Ea
1692 1144 1843 1188 vero,
1869 1144 1987 1198 quae
2011 1126 2215 1182 bellum
2238 1128 2505 1197 injustum
2544 1146 2641 1199 per
2666 1144 2724 1180 se
2746 1134 3091 1198 promovent,
3114 1145 3179 1181 ac
3193 1128 3287 1197 ju-

892 1207 1042 1263 vant,
1067 1215 1340 1261 exercere,
1367 1206 1556 1270 aperte
1578 1205 1865 1268 peccatum
1890 1208 1974 1251 est
1994 1199 2247 1253 mortale.
2325 1199 2663 1253 Permissum
2686 1206 2771 1252 est
2794 1199 2959 1251 etiam
2984 1196 3285 1253 Catholicis

889 1270 1159 1325 haereticae
1215 1270 1420 1341 reginae
1479 1270 1538 1322 id
1596 1286 1768 1341 genus
1830 1269 2073 1341 obsequii
2129 1278 2411 1340 praestare,
2464 1270 2614 1340 quod
2664 1267 3007 1323 Catholicam
3066 1270 3287 1341 religio-

889 1359 1014 1395 nem
1037 1360 1146 1396 non
1185 1346 1483 1412 oppugnat.
1560 1340 1680 1394 Nec
1720 1340 1848 1406 fuit,
1891 1358 1992 1394 nec
2032 1348 2215 1412 potest
2254 1358 2371 1395 esse
2415 1341 2703 1399 Pontificis
2732 1357 2883 1394 mens
2924 1358 2989 1395 ea
3029 1340 3291 1411 obsequia

890 1414 1042 1467 circa
1059 1412 1304 1483 reginam
1327 1412 1404 1465 eie
1427 1412 1763 1482 permittere,
1787 1430 1905 1483 quae
1930 1420 2117 1483 aperte
2140 1429 2265 1465 cum
2288 1412 2413 1474 fine,
2438 1419 2496 1466 et
2518 1430 2686 1483 scopo
2711 1411 2879 1482 ipsius
2906 1410 3191 1465 Pontificis
3217 1413 3285 1466 de

891 1484 1260 1555 promovenda
1273 1482 1328 1537 in
1345 1482 1566 1537 Ibernia
1585 1482 1872 1538 Catholica
1883 1484 2009 1545 fide,
2024 1483 2360 1555 acreligione
2374 1491 2642 1555 pugnant.
2664 1482 2825 1536 Hanc
2840 1488 3025 1536 autem
3038 1482 3155 1552 ejus
3171 1500 3287 1537 esee

893 1564 1148 1618 mentem,
1163 1562 1221 1608 et
1238 1572 1462 1626 scopum
1476 1555 1673 1609 litterae
1691 1555 1708 1607 i
1751 1572 1826 1608 sae
1845 1554 2193 1625 apertissimae
2212 1555 2510 1609 declarant.
2550 1556 2637 1610 Ex
2657 1553 2853 1625 quibus
2876 1554 3127 1607 omnibus
3151 1554 3283 1609 satis

897 1626 1244 1681 manifestum
1301 1625 1652 1697 relinquitur,
1697 1626 1710 1639 '
1735 1625 2120 1679 lustrissimum
2178 1626 2479 1697 principem
2527 1624 2825 1697 Hugonem
2875 1624 3002 1679 O'N
3004 1625 3191 1688 ellum,
3228 1634 3285 1679 et

896 1698 1030 1751 alios
1057 1696 1372 1751 catholicos
1397 1697 1628 1751 Iberniae
1651 1696 1855 1751 bellum
1880 1706 2134 1768 gerentes
2158 1698 2419 1752 adversus
2460 1697 2709 1769 reginam
2736 1695 3069 1750 Haereticam
3094 1696 3282 1749 ortho-

900 1769 1095 1823 doxam
1121 1768 1282 1822 fidem
1307 1776 1712 1839 oppugnantem
1757 1767 1911 1822 nullo
1954 1768 2118 1823 modo
2160 1769 2391 1823 rebelles
2414 1784 2547 1832 esse,
2572 1785 2744 1839 neque
2770 1766 3010 1821 debitam
3032 1766 3287 1821 obedien-

894 1840 1030 1894 tiam
1054 1857 1272 1909 negare,
1296 1847 1393 1892 aut
1435 1847 1612 1893 terras
1653 1858 1684 1892 r
1755 1840 1857 1893 ‘nae
1898 1839 2101 1910 injuste
2144 1857 2428 1911 usurpare,
2454 1839 2585 1909 quin
2623 1838 2806 1909 potius
2841 1836 2963 1890 illos
2978 1836 3283 1907 justissimo

896 1910 1039 1965 bello
1067 1928 1142 1978 se,
1166 1918 1480 1980 terramque
1505 1928 1657 1964 suam
1683 1929 1718 1963 a
1792 1910 1995 1980 iniqua,
2021 1918 2079 1964 et
2116 1910 2283 1983 impia
2324 1910 2609 1981 tyrannide
2645 1909 2940 1975 vindicare,
2964 1924 3283 1980 sacramque

897 1982 1260 2036 orthodoxam
1295 1980 1458 2035 fidem
1497 1983 1589 2049 (ut
1633 1980 1993 2047 Christianos,
2030 1998 2097 2035 ac
2131 1980 2445 2036 Oatholicos
2489 1981 2671 2051 decet)
2713 1997 2816 2052 pro
2859 1978 3066 2033 viribus
3113 1981 3279 2050 tueri,

897 2060 1060 2122 atque
1085 2051 1392 2105 defendere.
1466 2051 1604 2114 Qum
1627 2052 1827 2115 omnia,
1852 2060 1909 2105 et
1949 2052 2166 2124 singula
2204 2070 2303 2106 nos
2344 2052 2489 2105 infra
2526 2052 2737 2123 scripti,
2762 2059 2825 2104 ut
2868 2050 3188 2113 certissima,
3226 2053 3283 2106 οἳ

895 2123 1175 2247 νεπίεείῦιια
1191 2121 1522 2245 ᾖουᾴἰὲὶιῧιιις,
1545 2130 1604 2175 et
1642 2121 2022 2246 approbamus.
2039 2201 2066 2247 t
2094 2122 2305 2247 Izatum
2346 2123 2687 2178 Salmanticae
2726 2122 2965 2177 secundo
2990 2120 3281 2176 Februarii

896 2209 1037 2245 anno
1120 2210 1286 2246 omlm
1427 2209 1596 2246 esuno
1620 2209 1820 2247 sxecen
1904 2211 2014 2247 uno
2066 2211 2126 2246 er
2154 2211 2225 2248 io.

1669 2421 1951 2485 ,Doctores
1978 2420 2489 2485 Salmantioemea.

963 2600 1064 2655 Fr.
1093 2594 1421 2653 Franciscus
1447 2594 1641 2648 Zumel
1683 2593 1940 2648 Decanus
1982 2593 2249 2647 Salmant.
2279 2592 2343 2647 M
2419 2631 2433 2645 .
2464 2592 2776 2664 Alphcnsus
2815 2594 2882 2649 de
2909 2594 3097 2649 Ouriel
3122 2610 3287 2647 saera

897 2670 1074 2728 Theol
1148 2669 1208 2723 in
1233 2666 1522 2738 primarius
1583 2665 1842 2719 rofessor.
1919 2664 2019 2719 Fr.
2050 2664 2255 2719 Petrus
2279 2665 2345 2719 de
2433 2682 2621 2718 errera
2659 2666 2809 2736 Mag.
2854 2664 3068 2720 Doctor
3106 2664 3283 2719 Fran-

901 2744 1076 2799 ciscus
1148 2740 1350 2795 anciua.
1428 2738 1526 2793 Fr.
1613 2736 1851 2809 ionysiua
1874 2736 2134 2791 Juberus.
2164 2736 2318 2808 Mag.
2346 2736 2598 2790 Andreas
2624 2736 2692 2790 de
2716 2736 2891 2792 Leon.
2954 2736 3055 2791 Fr.
3084 2736 3287 2790 Petrus

905 2816 972 2870 de
997 2813 1278 2868 Ledesma.
1355 2809 1457 2864 Fr.
1485 2808 1762 2863 Martinus
1787 2808 1855 2861 de
1881 2808 2109 2862 Peraea.

1547 3020 1829 3083 ,Doctores
1860 3018 2129 3101 Theoloqi
2168 3017 2228 3081 V
2216 3013 2603 3082 allisoletani.

977 3215 1054 3268 D.
1082 3210 1409 3267 Franciscus
1453 3209 1688 3263 Sobrino
1731 3210 2006 3263 Decanus.
2082 3211 2157 3263 D.
2204 3210 2467 3265 Alfonsus
2510 3210 2699 3266 Vacca
2742 3212 2809 3265 de
2850 3211 3133 3283 Santiago.
3206 3208 3281 3263 D.

903 3284 1182 3340 Johannes
1210 3280 1414 3335 Gar-cia
1436 3281 1503 3333 de
1542 3279 1814 3334 Coromel.
1856 3280 2008 3353 Mag.
2064 3280 2164 3334 Fr.
2187 3280 2227 3335 J
2229 3281 2465 3337 ohannes
2490 3282 2727 3355 Nigron.
2803 3281 2877 3336 D.
2909 3283 3107 3336 Terre.
3182 3282 3281 3336 Fr.

695 3428 875 3497 [204⁶]
890 3356 1163 3495 {gffiffilfin
1187 3354 1254 3407 de
1279 3352 1486 3406 Luxan.
1563 3350 1867 3404 vallisoleti
1905 3359 2099 3406 octavo
2142 3352 2335 3407 Martii
2374 3372 2516 3408 anno
2550 3353 2837 3408 millesimo
2892 3353 3275 3407 sexcentesimo

1711 3598 1930 3697 Patres
1958 3600 2274 3665 Societates
2300 3602 2463 3667 Jeeu.

967 3798 1032 3850 P.
1055 3796 1333 3851 Johannes
1373 3794 1439 3847 de
1480 3793 1779 3865 Ziguenca.
1858 3792 1926 3847 P.
1968 3794 2235 3849 Emanuel
2277 3795 2345 3849 de
2388 3794 2582 3863 Rojas.
2660 3794 2727 3849 P.
2761 3794 2977 3868 Gaspar
3022 3796 3090 3850 de
3116 3796 3282 3852 Mena

896 3868 1245 3922 Professores
1289 3864 1606 3936 Theologiae
1665 3864 1721 3917 in
1773 3863 2023 3936 Collegio
2067 3864 2310 3935 ejusdem
2364 3864 2657 3920 Societatis
2710 3864 3143 3923 Salmantieensi.
3216 3866 3283 3921 P.

896 3941 1099 3994 Petrus
1128 3936 1384 3993 Ossorius
1408 3936 1463 3989 in
1489 3935 1677 3990 eodem
1705 3934 1956 4007 Collegio
1980 3936 2387 3992 Ecclesiastea‘

980 4134 1140 4202 Haec
1169 4140 1262 4199 est
1288 4132 1744 4200 Academiarum
1774 4157 2043 4215 censura,
2077 4158 2194 4222 qua
2238 4136 2468 4224 liquido
2515 4143 2767 4217 constat,
2842 4143 3025 4203 uanta
3052 4138 3283 4225 ignora-

889 4221 1074 4302 tione,
1107 4226 1168 4286 et
1195 4222 1444 4307 caligine
1473 4222 1793 4287 erraverint
1850 4222 1940 4287 illi
1998 4222 2222 4303 Iberni,
2253 4225 2357 4309 qui
2384 4226 2449 4290 in
2476 4224 2591 4290 hoc
2621 4224 2776 4290 bello
2860 4226 3285 4291 rotestantibus

890 4331 1068 4396 opem
1094 4308 1380 4389 tulerunt,
1411 4315 1471 4373 et
1499 4307 1839 4374 catholicos
1868 4320 2329 4396 oppugnarunt:
2363 4334 2539 4396 quam
2582 4334 2659 4377 ue
2700 4312 2988 4390 insanam,
3018 4318 3082 4377 et
3108 4335 3283 4379 vene-

890 4417 1100 4461 nosam
1129 4395 1456 4461 doctrinam
1484 4395 1794 4460 attulerint
1844 4396 2117 4462 nonnulli
2156 4397 2445 4463 doctiores
2598 4420 2676 4483 go
2726 4397 2933 4478 habiti,
3006 4398 3073 4464 ui
3100 4422 3283 4465 saecu-

891 4482 1044 4549 lares
1070 4483 1340 4548 homines
1367 4482 1443 4548 ad
1470 4482 1691 4569 reginae
1711 4491 1907 4569 partes
1938 4482 2263 4569 sequendas
2293 4485 2585 4550 exhortati
2614 4509 2650 4550 a
2677 4484 2793 4549 fide
2820 4492 2967 4551 tuen
3010 4509 3042 4550 a
3060 4492 3283 4551 averte-

952 4718 981 4745 ·
1017 4718 1118 4771 See
1141 4734 1176 4770 a
1197 4716 1463 4772 tolerable
1479 4716 1806 4773 translation
1831 4718 1898 4773 of
1925 4719 2034 4773 this
2061 4720 2357 4774 document
2380 4720 2435 4774 in
2455 4721 2548 4775 the
2574 4721 2783 4775 Pacata
2808 4720 3101 4787 Hibernia,
3127 4720 3189 4775 ii.
3213 4740 3271 4793 p.

878 4790 1008 4841 430.
1083 4790 1141 4843 lt
1163 4806 1272 4842 was
1296 4789 1470 4844 found
1493 4806 1693 4861 among
1730 4790 1826 4843 the
1865 4808 2060 4862 papers
2103 4791 2168 4844 of
2200 4791 2371 4847 Owen
2410 4792 2539 4847 Mac
2566 4790 2746 4864 Egan.
2822 4791 2915 4847 No
2941 4792 3279 4863 signatur-es,

883 4864 1077 4929 except
1100 4858 1256 4913 those
1281 4860 1347 4914 of
1372 4859 1466 4913 the
1491 4860 1649 4914 three
1673 4858 1900 4925 Jesuits,
1924 4879 2019 4916 are
2042 4862 2323 4933 appended
2346 4871 2405 4917 to
2430 4862 2528 4917 the
2554 4860 2784 4934 English
2809 4863 3043 4919 version.
