3634 5842
435 772 574 821 car.
605 750 712 839 n.]
1104 766 1190 813 nu
1231 766 1430 815 13an
1475 768 1841 819 omnnem
1884 770 2219 817 mnenon.
2697 754 2821 825 187

437 925 694 1012 fugerat,
723 933 788 992 et
835 927 1151 993 Terentius
1191 921 1488 987 O’Nellus
1533 922 1784 989 Hem-ici
1826 922 2003 1003 filius,
2050 923 2297 990 O’Nelli
2323 925 2503 995 frater
2529 926 2821 1004 uterinus,

435 1014 543 1098 qui
570 1018 745 1078 antea
771 1022 898 1080 erat
926 1014 1087 1114 apud
1115 1008 1371 1088 eosdem,
1393 1008 1658 1075 locorum
1673 1010 2016 1095 peritissimi
2033 1010 2361 1097 Bagnalem
2377 1032 2515 1077 cum
2545 1011 2823 1077 omnibus
2852 1044 2855 1047 ⁴

435 1100 643 1185 copiis,
673 1106 736 1165 et
761 1100 1200 1187 impedimentis
1249 1118 1356 1181 per
1399 1094 1676 1182 ambages
1725 1104 1788 1161 et
1836 1098 2097 1163 occultas
2124 1098 2269 1177 vias,
2312 1106 2527 1185 praeter
2576 1097 2721 1163 O’N
2722 1098 2825 1164 elli

435 1187 760 1251 exercitum
806 1188 960 1254 clam
1010 1188 1332 1253 duxerunt.
1417 1181 1570 1247 Mox
1612 1182 1851 1270 Bagnal
1892 1184 2123 1270 pedites
2178 1184 2341 1250 mille
2396 1191 2713 1265 trecentos,
2760 1193 2824 1252 et

435 1273 707 1357 equitum
751 1280 979 1341 turmas
1023 1280 1146 1341 tres
1195 1268 1592 1339 Ardmacham
1645 1292 1782 1336 cum
1834 1277 2171 1337 commeatu
2213 1272 2421 1351 mittit,
2466 1272 2821 1358 quibuscum

432 1358 764 1426 Oormakus
791 1368 1042 1448 pugnat,
1091 1361 1236 1427 dum
1287 1362 1684 1422 commeatum
1731 1356 2018 1437 inferunt,
2048 1364 2110 1423 et
2156 1358 2301 1423 dum
2350 1359 2465 1445 ipsi
2495 1358 2569 1423 ab
2600 1359 2823 1445 oppido

435 1446 768 1513 discedunt.
902 1448 1022 1515 Sed
1107 1444 1470 1535 superiorem
1555 1466 1804 1509 numero
1890 1444 2127 1510 hostem
2211 1445 2287 1510 ab
2373 1445 2596 1545 oppido
2696 1469 2820 1511 non

434 1534 636 1619 potuit
684 1556 899 1601 arcere.
1014 1534 1270 1601 Interim
1343 1529 1579 1615 Bagnal
1666 1552 1804 1596 cum
1892 1532 2120 1597 caeteris
2196 1555 2267 1597 co
2314 1532 2383 1597 iis
2458 1553 2527 1597 1n
2574 1532 2820 1598 O’Nelli

431 1626 623 1685 castra
649 1621 939 1708 impetum
965 1622 1157 1688 facere
1187 1617 1378 1685 duxit.
1432 1618 1524 1681 Ac
1551 1617 1865 1682 Terentius
1894 1618 2133 1703 quidem
2164 1625 2225 1684 et
2318 1620 2525 1683 uintus
2554 1619 2631 1683 O'
2634 1618 2699 1683 N
2701 1620 2819 1699 elli,

429 1706 658 1772 itineris
703 1708 903 1789 duces,
947 1715 1008 1775 et
1054 1707 1216 1795 quod
1265 1703 1510 1771 O’Nelli
1544 1705 1897 1790 sanguinem
1942 1728 2069 1770 non
2113 1705 2413 1784 sitiebant,
2444 1706 2557 1770 etsi
2596 1706 2820 1772 fuerint

429 1793 518 1857 illi
544 1794 699 1875 irati,
731 1801 792 1861 et
823 1794 986 1882 quod
1007 1794 1085 1861 ob
1113 1795 1370 1881 privatas
1391 1812 1598 1856 causas
1626 1791 1797 1877 pejus
1815 1804 1984 1857 erant
2010 1792 2256 1869 animati
2282 1792 2349 1857 in
2366 1792 2817 1874 O'Hanlonum,

471 1882 534 1945 ui
568 1881 680 1947 'am
709 1882 1152 1949 catholicorum
1179 1888 1378 1968 partes
1406 1876 1781 1963 sequebatur,
1808 1879 1877 1944 in
1904 1878 2053 1943 illud
2084 1886 2412 1945 castrorum
2441 1902 2628 1945 cornu
2658 1880 2821 1966 quod

431 1902 832 2034 &dadanus
859 1968 1120 2049 tenebat,
1148 1964 1476 2055 Bagnalem
1505 1964 1718 2030 ducere
1747 1966 1947 2031 conati
2002 1972 2165 2031 sunt.
2253 1965 2372 2033 Sed
2400 1965 2579 2052 longe
2607 1973 2821 2052 praeter

429 2054 769 2140 opinionem
808 2055 928 2122 illis
978 2056 1236 2122 occidit:
1281 2074 1422 2119 nam
1471 2050 1575 2116 ubi
1629 2050 2065 2118 O’Hanlonum
2093 2074 2221 2118 esse
2270 2052 2689 2117 existimabant
2733 2053 2819 2119 ibi

429 2150 554 2205 erat
582 2140 659 2206 O’
663 2142 728 2208 N
729 2142 900 2208 ellus.
988 2141 1204 2228 Itaque
1232 2138 1448 2292 viginti
1490 2144 1750 2225 quatuor
1800 2141 2030 2225 equites
2076 2138 2151 2204 ab
2200 2137 2460 2205 O’Nello
2502 2140 2569 2203 in
2596 2140 2817 2225 vigiliis

429 2236 490 2293 et
535 2229 800 2295 excubiis
846 2234 1012 2295 extra
1063 2237 1252 2295 castra
1331 2226 1608 2312 ispositos
1657 2226 1979 2310 improviso
2036 2226 2469 2291 circumventos
2524 2226 2673 2311 regii
2721 2227 2819 2293 vel

425 2314 706 2381 occith
735 2317 830 2381 vel
858 2317 1136 2417 capiunt:
1184 2320 1375 2381 castra
1401 2312 1733 2379 invadunt:
1766 2311 2011 2377 O'Nelli
2040 2314 2381 2399 praetorium
2413 2314 2811 2379 circumeunt:

429 2400 724 2468 O'Nellus
755 2410 816 2468 et
844 2424 950 2502 qui
977 2404 1043 2468 in
1073 2426 1142 2469 ea
1168 2402 1364 2468 fronte
1392 2406 1717 2466 castrorum
1761 2406 1949 2478 erant,
1981 2399 2325 2465 semisomni
2353 2400 2634 2485 fugiunt3
2664 2402 2815 2487 regii

425 2490 682 2553 tentoria
711 2489 990 2556 derehcta
1039 2489 1328 2575 diripiunt
1352 2488 1406 2570 :u
1458 2486 1694 2551 calones
1742 2484 1973 2572 aliquot
2022 2485 2380 2551 dormientes
2429 2487 2814 2555 interficiunt.
2836 2500 3016 2571 [149.]

426 2573 726 2640 O’Nellus
753 2576 980 2641 viribus
1010 2576 1272 2641 collectis
1327 2574 1562 2639 hostem
1607 2594 1678 2637 ea
1724 2580 1894 2657 parte
1938 2578 2268 2638 castrorum
2315 2582 2524 2637 rursus
2552 2574 2812 2658 expellit,

423 2660 871 2746 cedentemque,
901 2685 1176 2747 magnam
1230 2660 1348 2725 diei
1397 2666 1626 2744 partem
1671 2660 1939 2742 sequitur
1966 2657 2289 2723 missilibus
2458 2682 2585 2724 ens.
2672 2660 2814 2731 Quo

423 2754 644 2813 eventu
658 2805 678 2832 ,
693 2748 926 2834 Bagnal
974 2749 1148 2813 laetus
1193 2752 1526 2813 commeatu
1575 2744 1642 2807 in
1686 2744 2087 2811 Ardmacham
2129 2743 2315 2823 illato,
2348 2742 2423 2809 O’
2493 2746 2607 2811 ello
2652 2754 2817 2833 parte

421 2840 752 2899 castrorum
783 2842 984 2916 exuto,
1015 2843 1077 2900 et
1104 2834 1311 2920 paucis
1342 2829 1751 2898 desideratis*

1450 3258 1631 3324 CAP.
1678 3257 1770 3324 ΙΙ.

414 3449 616 3523 Rupus
658 3450 942 3523 Fargusiae
980 3448 1122 3503 arcis
1163 3444 1455 3530 praefectus
1497 3443 1712 3515 Anglus
1755 3461 1790 3497 a
1826 3442 2063 3497 Glinniae
2104 3444 2348 3531 principe
2370 3446 2723 3519 interimitur,
2748 3462 2804 3507 et

797 3519 1076 3575 Bar-nabal
1102 3517 1464 3573 Midhiensms
1487 3514 1598 3568 dux
1622 3532 1657 3568 a
1679 3514 1808 3568 Mac
1834 3514 2113 3587 Magauno
2138 3516 2405 3573 funditur.

417 3704 659 3771 Huius
703 3705 1030 3793 sequente†
1089 3701 1130 3766 J
1133 3722 1356 3766 oannes
1413 3698 1762 3765 Ghichester
1819 3700 2056 3786 Anglus
2114 3724 2293 3788 eques
2349 3708 2636 3789 Auratus,
2696 3714 2799 3811 qui

415 3792 650 3879 Bupem
678 3793 1030 3879 Fargusiam
1057 3810 1252 3855 arcem
1297 3788 1468 3852 firmo
1515 3783 1792 3871 praesidio
1822 3785 2081 3865 tenebat,
2112 3810 2250 3855 cum
2292 3792 2595 3877 peditibus
2625 3817 2798 3883 qum-

413 3880 632 3965 gentiS,
672 3886 733 3945 et
791 3880 1061 3966 equitum
1101 3883 1302 3940 turma
1357 3871 1686 3959 praedatum
1745 3872 2065 3957 egreditur.
2154 3874 2267 3941 Cui
2328 3881 2396 3943 fit
2454 3881 2665 3949 obvius
2723 3886 2800 3952 ad

409 3966 754 4032 Alfi-acham
797 3966 1116 4041 tumulum,
1147 3970 1208 4027 et
1236 3960 1454 4025 vadum
1483 3958 1526 4022 J
1526 3958 1716 4023 aimus
1743 3958 1886 4023 Mac
1914 3958 2206 4026 Donellus
2237 3964 2497 4032 Glinm'ae
2568 3970 2799 4057 rinceps
2912 4004 2919 4009 ·

487 4053 712 4119 ditibus
744 4050 1212 4139 quadringentis,
1255 4053 1317 4112 et
1345 4044 1647 4132 equitibus
1677 4044 1985 4130 sexaginta
2026 4048 2298 4133 stipatus.
2388 4052 2541 4119 Bom
2584 4056 2799 4125 ardarii

406 4074 851 4206 ffimbardarios
880 4136 1349 4224 aggrediuntur3
1393 4136 1430 4198 a
1459 4131 1781 4199 Catholicis
1809 4132 1959 4218 regii
1986 4135 2431 4221 propulsantur.
2489 4141 2532 4205 J
2532 4142 2795 4211 ohannes

405 4248 561 4378 0021th
574 4228 845 4379 elquitatu
872 4225 1114 4376 vegiens
1127 4220 1360 4374 (a‘uxitlio
1386 4218 1843 4371 bqranizagglariqz
1859 4241 1999 4372 8323
2026 4222 2285 4375 {eztliffit
2314 4225 2379 4291 in
2418 4248 2703 4325 pugnam,
2736 4238 2798 4298 et

563 4338 600 4379 o
645 4336 748 4379 cos
806 4335 936 4377 rece
979 4333 1076 4377 ere
1295 4356 1312 4372 .
2254 4334 2355 4375 um
2412 4336 2479 4377 m
2570 4338 2789 4403 agnam

405 4399 630 4466 ducens
658 4398 1086 4466 bombardariis
1137 4330 1264 4461 suigsl
1311 4393 1674 4460 confirmatis
1715 4329 1780 4458 iii
1875 4331 2169 4459 ohannzm
2212 4398 2462 4482 proruit,
2493 4336 2569 4466 εἴ
2598 4404 2791 4471 tribus

401 4486 589 4553 hastae
637 4486 860 4553 ictibus
909 4506 1246 4573 percussus,
1299 4480 1482 4547 lorica
1530 4488 1732 4546 tamen
1781 4479 2139 4547 defenditur.
2226 4483 2269 4547 J
2268 4484 2533 4553 ohannes
2561 4491 2793 4559 occisus

475 4676 500 4703 ⁶
538 4640 632 4731 An
658 4675 883 4730 Hallov
905 4674 1040 4737 tide,
1064 4670 1213 4729 A.D.
1251 4668 1640 4730 1597.-F0m·
1666 4668 1927 4734 Masters,
1950 4686 2005 4742 p.
2036 4674 2198 4727 2048.

401 4744 888 4874 thge'giltigrevents
912 4746 968 4799 in
992 4745 1104 4800 this
1132 4744 1361 4813 chapter
1385 4749 1484 4796 not
1508 4740 1780 4796 recorded
1801 4741 1873 4813 by
1898 4758 2001 4813 any
2026 4744 2189 4798 other
2211 4744 2491 4823 authority
2514 4752 2709 4811 known
2735 4771 2793 4814 to
