3634 5842
415 740 556 785 ω.
595 719 787 805 ιιι]
1175 738 1460 786 mmm
1503 740 1621 785 sus
1665 740 2080 785 numurus.
2674 726 2798 789 133

411 894 616 972 vincti,
665 894 871 959 subter
917 900 1270 961 catastroma
1318 894 1660 959 mittuntur.
1756 890 1927 959 Unde
1970 892 2114 960 Mac
2144 894 2460 961 Suinnium
2507 895 2802 963 Fanidum

412 980 725 1045 dimittunt
753 980 828 1046 ab
873 1004 944 1047 eo
987 982 1052 1047 in
1097 981 1366 1047 obsidem
1414 980 1555 1045 dato
1603 978 1748 1059 filio,
1798 980 2056 1047 Daniele
2106 981 2248 1047 Mac
2278 982 2548 1062 Suinnio,
2580 1004 2801 1069 cogno-

410 1072 634 1146 mento,
666 1073 710 1104 “
729 1068 1070 1134 Coeruleus”
1107 1068 1184 1153 (G
1192 1068 1376 1155 orm).
1402 1066 1562 1133 ‘Mac
1585 1066 1875 1133 Suimiius
1895 1088 2133 1155 quoque
2158 1068 2493 1135 Tbuethius
2523 1069 2801 1137 dimissus

410 1159 520 1232 est,
551 1154 692 1219 cum
717 1155 1034 1241 puerulum
1063 1157 1296 1241 generis
1314 1153 1568 1231 obscuri,
1590 1153 1698 1217 filii
1718 1154 1814 1219 sui
1842 1154 2105 1221 vestibus
2131 1156 2411 1221 indutum
2439 1156 2505 1221 in
2532 1156 2801 1223 obsidem

410 1239 766 1307 tradidisset.
881 1242 1192 1329 Eugenius
1239 1243 1417 1308 etiam
1467 1239 1889 1322 O'Gallachur,
1951 1241 2236 1307 Huonem
2295 1242 2803 1309 O'Gallachurum

409 1333 690 1413 nepotem
717 1350 792 1393 ex
819 1330 998 1395 fratre
1025 1329 1318 1395 Cormako
1340 1327 1506 1393 dedit
1533 1326 1822 1392 obsidem.
1909 1328 2359 1394 Bremichamus
2388 1328 2801 1396 Dubhlinnam

409 1436 698 1495 reversus,
730 1421 984 1502 quatuor
1034 1414 1289 1494 obsides,
1342 1412 1636 1492 Rubrum,
1689 1413 2042 1495 Caeruleum,
2076 1414 2362 1481 Huonem
2393 1422 2455 1481 et
2479 1417 2798 1502 puerulum

408 1500 735 1585 ignobilem
789 1503 1026 1589 prol-egi
1081 1502 1350 1570 tradidit.
1434 1501 1500 1565 Is
1558 1522 1811 1585 puerum
1870 1502 2010 1566 cum
2066 1503 2442 1587 cognovisset
2496 1525 2623 1569 non
2671 1526 2800 1569 esse

408 1587 649 1652 Tuethii
693 1588 900 1669 filium,
949 1589 1194 1655 dimisit.
1281 1589 1427 1654 '1¹1ae
1463 1585 1697 1652 nobiles
1723 1590 1791 1653 in
1821 1610 1955 1654 arce
1984 1587 2432 1655 Dubhlinnensi
2481 1611 2619 1656 cum
2670 1590 2798 1655 aliis

412 1672 718 1740 obsidibus
748 1677 1034 1742 custodiae
1063 1674 1364 1757 mandatu
2820 1680 3004 1751 [1⁰⁷4

1359 2028 1541 2095 CAP.
1587 2030 1791 2096 XXV.

647 2176 976 2233 Persecutio
1003 2179 1289 2233 vehemens
1316 2179 1628 2253 Anglorum
1654 2179 1843 2235 contra
1865 2180 2029 2235 fldem
2052 2186 2204 2235 mota
2229 2158 2574 2234 describitur.

412 2308 526 2373 In
555 2330 693 2375 cum
741 2308 984 2375 Ibernia
1031 2309 1244 2376 misere
1294 2311 1504 2377 fuisset
1539 2312 1854 2399 profligata
1882 2310 2173 2377 nobilium
2224 2310 2532 2377 discordiis
2560 2317 2623 2377 et
2648 2311 2807 2385 inter

411 2419 494 2475 se,
527 2402 588 2460 et
618 2418 756 2461 cum
783 2398 948 2481 regia
975 2419 1211 2477 corona,
1242 2396 1914 2488 Ecclesiasticorumque
1932 2421 2142 2463 cruore
2158 2421 2263 2485 per
2280 2397 2513 2483 Anglos
2544 2397 2803 2478 diffus03

409 2481 759 2566 nobilesque
788 2482 950 2567 qubd
979 2490 1148 2549 erant
1165 2483 1630 2550 dissentionibus
1665 2484 1901 2564 defessi,
1924 2492 1987 2551 et
2015 2508 2051 2550 o
2092 2484 2230 2550 ibus
2253 2485 2378 2570 jam
2404 2484 2802 2564 invalidiores,

408 2566 854 2654 multorumque
911 2568 1147 2635 obsides
1204 2571 1364 2670 apud
1414 2572 1668 2657 Anglos,
1713 2595 1825 2658 pro
1874 2508 2183 2637 catholica
2252 2570 2359 2635 reli
2406 2571 2539 2636 'one
2600 2571 2801 2637 minus

407 2653 754 2719 viderentur
781 2677 942 2720 arma
969 2677 1103 2719 sum
1145 2662 1302 2723 tun:
1347 2658 1578 2742 excepit
1607 2660 1811 2739 statim
1838 2664 2047 2723 contra
2072 2657 2296 2722 Christi
2322 2657 2367 2721 fi
2406 2679 2501 2722 em
2528 2678 2799 2743 persecu-

408 2741 519 2820 tio,
550 2747 611 2806 et
639 2741 904 2826 tyrannis
948 2678 1313 2807 Elizaziethae
1349 2743 1570 2829 reginae
1591 2744 1784 2828 jussu,
1815 2752 1889 2810 ut
1914 2766 2120 2809 omnes
2163 2742 2408 2808 omnino
2433 2742 2801 2809 Oatholicam

409 2827 590 2892 fidem
620 2827 974 2907 desererent,
1005 2835 1068 2893 et
1087 2829 1417 2895 sacerdotes
1433 2830 1762 2914 rejicerent,
1795 2830 1834 2895 a
1860 2829 2157 2895 Ministris
2176 2829 2469 2895 haereticis
2484 2836 2797 2915 praecepta,

411 2914 861 2999 doctrinamque
911 2921 1210 3002 caperent,
1240 2915 1488 3003 Reginae
1534 2924 1755 2981 sectam
1813 2916 2329 3002 amplecterentur,
2388 2922 2567 3001 atque
2622 2938 2798 2981 caere-

407 3000 624 3066 moniis
652 3001 962 3067 audiendis
1015 3000 1225 3067 diebus
1273 3002 1441 3068 festis
1467 3004 1534 3069 in
1561 3003 1798 3089 templis
1827 3003 2219 3069 interessent:
2266 3008 2327 3069 et
2358 3003 2436 3069 ad
2460 3004 2527 3069 id
2552 3008 2796 3082 terrore,

407 3094 592 3168 metu,
613 3110 802 3175 paena,
823 3089 884 3153 vi
911 3111 1288 3177 cogerentur.
1319 3088 1474 3161 Quae
1502 3090 1632 3157 dira
1647 3089 1970 3157 Catholicae
1998 3090 2138 3157 fidei
2165 3090 2532 3177 oppugnatio
2562 3089 2634 3155 eo
2663 3110 2797 3176 gra-

408 3174 556 3255 vior,
604 3181 666 3240 et
712 3176 1098 3263 periculosior
1147 3184 1291 3259 erat,
1340 3176 1460 3262 quo
1521 3178 1648 3264 jam
1691 3182 1841 3243 tunc
1890 3184 2059 3243 erant
2108 3176 2315 3267 Iberni
2368 3178 2562 3265 magis
2617 3177 2799 3263 quam

407 3283 675 3348 unquam
747 3270 884 3349 post
939 3264 1115 3329 fidem
1173 3286 1304 3330 rece
1347 3270 1489 3345 tam,
1559 3265 1740 3331 rudes
1809 3264 2171 3351 Theologiae,
2242 3264 2663 3352 Philosophiae,
2736 3271 2799 3330 et

399 3286 2799 3526 mampfflfffflffsffimws

408 3521 591 3602 sidiis,
621 3545 819 3589 rerum
847 3523 1310 3609 perturbatione,
1338 3462 1752 3591 boeffdticorum
1795 3488 2045 3591 barbaro
2086 3528 2303 3604 furore,
2334 3525 2641 3611 gymnasia
2668 3546 2796 3589 cor·

405 3615 700 3675 ruerunt:
775 3610 1011 3697 vixque,
1071 3610 1230 3676 ullus
1307 3632 1552 3678 munere
1608 3612 1863 3678 docendi
1920 3612 2217 3697 graviores
2272 3612 2501 3677 litteras
2556 3608 2797 3697 publice

406 3695 806 3781 fungebatur:
853 3696 1288 3783 Religiosorum
1335 3699 1486 3766 sacri
1534 3704 1865 3765 conventus
1914 3704 2101 3776 erant,
2194 3704 2320 3761 arte
2376 3699 2597 3782 majore
2624 3696 2797 3763 dissi-

448 3783 552 3861 ati,
583 3790 644 3847 et
672 3784 880 3862 aversi,
909 3782 1240 3850 sacerdotes
1269 3784 1344 3849 ad
1388 3784 1648 3851 infantes
1693 3806 1850 3869 aqua
1896 3806 2061 3851 sacra
2109 3807 2144 3850 a
2184 3782 2435 3849 luendos
2482 3787 2549 3849 in
2589 3783 2797 3849 multis

430 3869 554 3933 ocis
581 3892 706 3935 non
735 3869 906 3935 facile
933 3869 1376 3956 reperiebantur
1401 3898 1414 3937 :
1460 3872 1528 3936 in
1554 3871 1700 3937 locis
1723 3870 2130 3956 compluribus
2151 3870 2417 3957 juniores
2454 3870 2519 3936 id
2556 3876 2795 3937 tantum

407 3955 552 4021 fidei
604 3956 917 4036 callebant,
970 3956 1133 4042 quod
1160 3980 1197 4022 a
1245 3956 1534 4025 matribus
1585 3956 2038 4043 nutricibusque
2084 3957 2431 4032 didicerant,
2474 3958 2570 4023 Ac
2612 3956 2797 4043 aliqui

409 4042 567 4108 certe
639 4052 764 4109 tam
837 4050 1006 4109 erant
1073 4042 1214 4109 fidei
1279 4043 1651 4111 documentis
1721 4044 2012 4125 destituti,
2085 4050 2159 4110 ut
2227 4042 2379 4110 nihil
2430 4046 2793 4122 confirmare,

408 4130 784 4215 proferreque
833 4131 1071 4210 scirent,
1171 4136 1522 4217 raeterquam
1579 4132 1742 4218 quod
1796 4131 1916 4217 ipsi
1962 4132 2209 4198 firmiter
2262 4130 2569 4198 crederent
2622 4130 2796 4217 quid-

409 4218 554 4301 quid
621 4217 888 4283 Ecclesia
954 4216 1148 4283 Catho
1176 4218 1262 4282 'ca
1331 4218 1602 4285 Romana
1670 4218 1969 4285 crederet:
2040 4242 2225 4305 penes
2297 4242 2428 4286 eam
2497 4240 2626 4285 esse
2694 4240 2796 4284 ve-

409 4324 536 4367 ram
607 4304 930 4371 Catholicae
987 4304 1126 4369 fidei
1176 4304 1506 4371 doctrinam
1561 4312 1624 4371 et
1677 4304 1914 4392 Anglos
1976 4306 2131 4373 male
2203 4306 2278 4371 de
2347 4304 2465 4372 fide
2536 4305 2790 4373 sentire:

409 4388 740 4477 horumque
781 4391 1092 4478 praeceptis
1138 4414 1202 4457 se
1250 4390 1494 4457 minime
1535 4391 1710 4458 fidem
1754 4391 1990 4458 habere.
2058 4393 2198 4465 Qua
2222 4393 2363 4458 fidei
2388 4394 2701 4479 imperitia,
2733 4399 2794 4459 et

407 4477 666 4544 ruditate
711 4480 902 4565 magis
951 4499 987 4543 o
1029 4478 1172 4565 pida
1217 4478 1399 4565 regia,
1446 4500 1625 4565 quam
1669 4501 1706 4544 o
1747 4480 2029 4545 timatum
2070 4482 2219 4546 fines
2257 4478 2624 4562 laborabant,
2653 4481 2795 4567 quia

411 4564 946 4650 ”gun
986 4502 2789 4723 ³³zsuerJsrffisfflsffaas

413 4741 536 4801 tate
579 4739 768 4824 magis
817 4740 972 4825 puri,
1020 4746 1082 4805 et
1131 4738 1386 4819 candidi,
1437 4702 1616 4826 quam
1661 4739 2076 4827 Angloiberni,
2107 4742 2212 4827 qui
2237 4743 2305 4808 in
2343 4705 2525 4829 regiis
2558 4742 2792 4831 oppidis

413 4831 870 4895 commorantur.
956 4824 1036 4892 In
1087 4827 1198 4895 hac
1247 4848 1481 4895 summa
1529 4826 1802 4915 caligine,
1856 4834 1918 4894 et
1958 4827 2333 4923 ignoratione
2368 4827 2617 4898 dubium
2668 4853 2792 4897 non
