3634 5842
823 736 946 797 152
1206 732 1612 797 o’sULLEvANI
1658 752 1969 797 msa-oms:
2012 751 2400 811 cunonem,
2444 752 2592 797 ron.
2638 752 2739 807 111.
2920 733 3075 819 [un.
3121 732 3197 797 11'.

823 910 1022 990 (quem
1043 910 1252 989 postea
1272 904 1458 991 Angli
1480 928 1718 991 quoque
1739 928 1940 991 regem
1958 904 2317 989 asciverunt)
2345 903 2743 991 deprehensus
2766 904 2841 970 ad
2868 904 3207 971 Elizabeth-

819 1014 917 1057 am
946 991 1183 1076 Angliae
1207 992 1474 1076 reginam
1503 992 1849 1057 Londinum
1876 992 2116 1057 vinctus
2144 993 2421 1057 mittitur.
2495 990 2623 1057 Ubi
2650 993 2713 1057 in
2742 992 3206 1058 consiliariorum

819 1083 1036 1156 caetum
1066 1079 1411 1163 productus,
1443 1078 1518 1159 ab
1548 1100 1669 1143 uno
1697 1080 2120 1163 interrogatae,
2152 1100 2259 1143 cur
2301 1100 2497 1163 genua
2524 1101 2647 1144 non
2674 1079 2967 1159 flectebat,
3020 1085 3065 1115 ‘⁶
3083 1102 3209 1145 non

819 1164 994 1229 sum”
1042 1165 1240 1250 inquit
1271 1165 1395 1229 “id
1445 1165 1636 1231 faeere
1665 1165 1983 1231 solitus.”·³‘’
2068 1165 2225 1229 Tum
2254 1164 2624 1231 consiliarius
2670 1174 2712 1201 “
2732 1167 2971 1232 nonne''
3006 1167 3205 1252 inquit

821 1256 864 1286 “
885 1274 948 1315 es
997 1250 1210 1317 solitus
1256 1274 1454 1337 genua
1497 1275 1697 1317 coram
1745 1250 2107 1339 imaginibus
2156 1251 2432 1335 flectere'’
2498 1258 2540 1287 “
2558 1252 2772 1318 Certe’'
2829 1254 3028 1339 inquit
3082 1254 3203 1317 ille.

820 1343 863 1373 “
883 1338 1047 1403 Cur’'
1075 1339 1276 1424 inquit
1301 1339 1400 1404 hic
1421 1356 1428 1363 ·
1449 1344 1492 1375 “
1507 1362 1630 1405 non
1679 1338 1839 1404 idem
1892 1360 2129 1425 quoque
2178 1361 2340 1403 nunc
2386 1337 2531 1403 facis
2552 1338 2622 1403 ?”
2712 1346 2756 1377 “
2779 1340 2977 1412 Quia”
3008 1341 3205 1425 inquit

819 1424 919 1489 ille
950 1426 1164 1491 “inter
1190 1426 1389 1491 Deum
1419 1432 1482 1491 et
1509 1432 1766 1506 sanctos,
1787 1440 2043 1511 quorum
2084 1425 2376 1512 imagines
2408 1447 2668 1506 veneror,
2700 1433 2762 1492 et
2790 1450 2914 1507 vos,
2946 1425 3203 1491 multum

817 1512 1121 1592 interesse,
1173 1535 1404 1600 semper
1431 1513 1700 1599 putavi.”
1753 1514 1933 1579 Brevi
2056 1518 2115 1577 st
2143 1518 2334 1579 morte
2362 1512 2660 1597 plectitur.
2752 1514 2892 1585 Qua
2918 1536 2982 1579 re
3011 1513 3202 1578 divul-

817 1600 959 1683 gata
985 1599 1324 1666 Bernardus
1353 1601 1480 1686 ejus
1507 1601 1684 1679 filine,
1717 1625 1753 1665 a
1781 1601 1905 1665 suis
1928 1536 2286 1665 Olftuarkus
2315 1600 2719 1681 renunciatus,
2751 1608 3057 1687 paternam
3085 1600 3205 1664 hae-

817 1685 1129 1751 reditatem
1179 1710 1522 1772 recuperare
1565 1686 1821 1752 Tuethio
1869 1687 2095 1752 ferente
2145 1708 2319 1773 opem
2364 1686 2709 1752 secundiore
2754 1694 2941 1753 marte
2968 1691 3204 1761 tentat†

817 1768 974 1837 bello
1003 1795 1208 1839 rursus
1235 1775 1301 1839 in
1329 1774 1680 1840 Connachta
1695 1782 1997 1839 renovato,

1579 2066 2508 2075 ———.-———..-—--—-——-

1859 2264 2038 2331 CAP.
2085 2264 2179 2335 II.

1521 2436 1776 2508 Lageniae
1800 2444 1982 2490 motus
2008 2445 2064 2490 et
2088 2436 2256 2508 aliqui
2284 2453 2457 2490 casus.

818 2620 948 2687 Sus
970 2618 1128 2685 idem
1149 2623 1386 2703 tempus
1408 2617 1474 2682 in
1490 2616 1757 2702 Lagenifi.
1785 2616 1951 2703 parvi
1974 2622 2173 2681 motus
2196 2616 2487 2695 oriuntur,
2508 2615 2725 2701 Anglis
2744 2614 3211 2701 protestantibus

817 2706 1138 2773 Catholicae
1165 2704 1470 2791 religionis
1499 2703 1943 2790 oppressoribus
1994 2703 2189 2769 edicta
2216 2704 2379 2789 regia
2407 2702 2838 2788 exequentibus
2866 2708 2927 2767 et
2954 2702 3211 2789 Lageni-

819 2817 990 2860 enses
1041 2793 1298 2879 graviter
1347 2790 1848 2857 concutientibus
1938 2790 2115 2855 Hanc
2166 2790 2633 2875 persecutionem
2687 2789 2922 2875 fugiens
2950 2790 3209 2855 Vaterus

819 2881 1166 2946 Giraldinus
1183 2885 1579 2965 cognomento
1601 2878 1832 2943 Fuscus
1868 2878 2077 2960 (Vater
2106 2877 2319 2961 Riach)
2355 2900 2427 2941 ex
2444 2876 2700 2941 Kildarii
2718 2877 2949 2941 comitis
2966 2877 3208 2957 familia,

820 2991 894 3033 ex
921 2966 1286 3033 Kildariensi
1335 2965 1498 3030 tribu
1526 2966 1590 3030 in
1645 2964 1975 3030 Gloranum
2048 2986 2227 3049 agum
2279 2964 2437 3049 apud
2468 2963 2843 3028 densissimas
2889 2962 3079 3047 sylvas
3116 2986 3206 3027 se-

819 3055 996 3119 cessit
1018 3054 1191 3138 juxta
1219 3052 1507 3116 Fiachum
1553 3051 1921 3115 O'Bruinem
1976 2988 2225 3135 <himba
2269 3050 2410 3115 Mac
2438 3050 2677 3133 Aodha)
2724 3049 2972 3135 AEgydii
2998 3050 3205 3129 filium,

818 3141 990 3225 cujus
1018 3138 1201 3203 filiam
1229 3160 1474 3202 uxorem
1521 3138 1713 3201 duxit.
1805 3137 1870 3201 Is
1921 3136 2177 3201 Fiachus
2227 3137 2412 3222 patris
2448 3136 2717 3221 exemplo
2746 3138 3209 3223 protestantium

819 3224 1137 3290 acerrimus
1188 3223 1379 3288 hostis
1431 3229 1595 3303 erat3
1641 3229 1851 3287 contra
1899 3244 2000 3287 eos
2048 3223 2378 3309 conjuravit
2426 3223 2489 3288 in
2536 3224 2799 3288 Eustatii
2848 3224 3211 3289 vicecomitis

819 3310 1274 3396 conspiratione,
1307 3310 1482 3374 sicuti
1510 3310 1780 3395 superius
1824 3309 2102 3388 vidimus,
2148 3312 2301 3373 etin
2330 3332 2531 3374 eorum
2580 3308 2975 3375 obedientiam
3016 3332 3208 3375 rever-

819 3420 941 3475 sus,
972 3394 1296 3462 Catholicis
1324 3397 1428 3480 qui
1458 3396 1531 3460 ad
1561 3396 1758 3481 ipsum
1795 3396 2254 3482 protestantium
2283 3396 2530 3482 injurias
2558 3396 2888 3482 fugiebant,
2919 3402 3043 3462 erat
3060 3420 3209 3481 prae-

819 3485 1057 3585 sidium,
1110 3482 1256 3548 alios
1307 3482 1695 3582 ocOcultandO,
1735 3482 1884 3547 alios
1934 3481 2129 3582 palam
2179 3483 2543 3569 excipiendo.
2634 3482 2732 3583 φὶ)
2779 3484 2940 3571 quod
2970 3507 3005 3548 a
3032 3485 3212 3569 regiis

817 3595 986 3742 {¹35⁰
1033 3569 2943 3749 032¹?issffiisstffzssuffieffffi{iltsssssscissssffssssfftzffi
2958 3570 3211 3723 {3222}

817 3744 1222 3812 concedebant
1251 3742 1458 3829 Angli,
1489 3766 1566 3809 ne
1595 3745 1845 3831 majores
1888 3751 2091 3808 'motus
2142 3745 2482 3809 concitaret.
2571 3744 2760 3809 Juxta
2787 3744 2947 3809 hunc
2976 3745 3208 3809 Fuscus

818 3854 1188 3899 commorans
1217 3829 1292 3895 ab
1323 3832 1540 3917 Anglis
1561 3853 1718 3916 saepe
1733 3831 2060 3917 impetitur,
2084 3837 2144 3895 et
2166 3830 2403 3895 eosdem
2428 3831 2683 3896 vicissim
2705 3832 2939 3917 impetit
2968 3832 3208 3896 armatis

817 3919 1188 4007 paucissimis
1217 3918 1490 4003 stipatus
1577 3918 1809 3996 Anglos
1853 3918 2104 3982 finitima
2146 3917 2277 3983 loca
2304 3918 2629 3983 incolentes
2659 3917 3032 4003 depraedatus
3060 3918 3207 3982 Glo-

815 4029 1020 4073 ranem
1047 4002 1468 4070 revertebatur.
1559 4005 1933 4069 Redeuntem
1962 4006 2025 4069 in
2053 4005 2265 4071 itinere
2298 4005 2659 4070 nanciscitur
2687 4004 2947 4070 Dudlius
2977 4004 3209 4091 Bagnal

816 4094 1054 4179 Anglus
1082 4113 1262 4176 eques
1291 4098 1532 4156 auratus
1561 4091 1817 4158 Iberniae
1848 4092 2339 4156 castrametatoris
2382 4092 2561 4156 frater
2590 4114 2725 4156 cum
2756 4092 2997 4156 cohorte
3028 4114 3208 4177 quam

859 4178 1078 4245 raoeidii
1104 4178 1284 4243 causa
1309 4174 1649 4241 Lethlinnae
1678 4175 1955 4242 habebat.
2045 4176 2376 4243 Commissa
2396 4179 2601 4264 pugna.
2628 4178 2890 4243 Dudlius
2919 4200 3055 4243 cum
3078 4182 3210 4244 tota

838 4290 935 4333 ere
963 4266 1207 4332 cohorte
1235 4262 1543 4329 occiditur.
1633 4262 1817 4329 Haud
1870 4264 1974 4328 diu
2020 4272 2160 4349 post
2211 4264 2469 4330 Vaterus
2515 4285 2653 4330 cum
2697 4264 2997 4351 peditibus
3042 4288 3209 4330 sexa-

887 4530 911 4556 *
951 4526 1256 4583 Remained
1279 4526 1411 4579 with
1437 4526 1751 4597 M‘Sweeny
1777 4543 1810 4579 a
1833 4542 1979 4595 year.
2058 4526 2206 4579 Fow·
2228 4526 2481 4589 Masters,
2506 4545 2559 4598 p.
2606 4528 2765 4593 1887,
2795 4531 2948 4583 1905.

886 4599 925 4668 †
955 4599 1174 4671 Sydney
1203 4598 1323 4652 said
1347 4606 1385 4633 “
1409 4598 1477 4651 he
1500 4615 1608 4652 was
1634 4598 1728 4651 the
1751 4597 2018 4669 proudest
2040 4614 2165 4649 man
2182 4597 2307 4651 that
2320 4615 2447 4651 ever
2474 4597 2502 4650 1
2531 4597 2679 4651 dealt
2702 4600 2909 4654 within
2927 4598 3206 4654 Ireland.’'

821 4670 910 4723 On
934 4670 1028 4722 the
1049 4669 1276 4723 scaffold
1297 4668 1366 4721 he
1391 4687 1502 4722 was
1525 4670 1686 4723 noble
1711 4669 1819 4723 and
1842 4677 1989 4734 true,
2014 4668 2271 4739 scorning
2295 4668 2388 4722 the
2412 4668 2664 4737 spiritual
2688 4670 2780 4723 aid
2814 4671 2881 4725 of
2916 4672 3007 4724 the
3048 4690 3205 4742 apos-

814 4749 930 4794 tate
957 4740 1308 4805 Franciscan,
1335 4740 1516 4809 Myler
1543 4740 1832 4794 M‘Grath.
1906 4740 2011 4791 See
2038 4738 2191 4791 Four
2218 4738 2473 4801 Masters,
2498 4756 2551 4809 p.
2589 4742 2738 4794 1906.

888 4814 918 4880 ‡
957 4814 1206 4880 Appears
1231 4810 1285 4861 in
1311 4810 1404 4863 the
1426 4810 1555 4863 field
1578 4809 1793 4883 against
1817 4808 2110 4879 Bingham,
2138 4810 2287 4881 May,
2318 4812 2469 4876 1593,
2486 4828 2540 4881 p.
2572 4813 2725 4869 1937.
