3634 5842
837 744 966 807 134
1273 739 1687 806 o’sunnuvnm
1733 762 2044 808 maroam
2089 762 2475 822 cunonem,
2519 762 2669 808 mu.
2703 763 2776 807 11.
2942 744 3099 829 [ms.
3136 765 3225 810 1v.

833 920 943 992 cst,
996 914 1144 997 quin
1193 912 1402 978 Iberni
1451 913 1738 980 divinitus
1787 916 2127 1003 Anglorum
2174 917 2617 982 concionatores
2644 916 2929 1003 fugerint,
2959 918 3229 997 luserint,

831 1001 1184 1087 respuerint,
1216 1006 1278 1064 et
1305 1022 1526 1066 errores
1556 1002 1781 1068 fuerint
1809 1004 2059 1068 aversati
2090 1004 2324 1069 occulto
2355 1003 2632 1089 quodam,
2664 1010 2726 1069 et
2768 1004 3041 1069 abstruso
3092 1005 3232 1071 fidei

830 1086 1056 1152 lumine
1099 1086 1262 1172 quod
1291 1108 1365 1151 ex
1392 1109 1463 1152 eo
1493 1088 1686 1153 solum
1736 1090 1913 1154 multi
1962 1091 2110 1155 mire
2160 1089 2457 1158 ducebant
2502 1090 2665 1176 quod
2705 1113 2887 1177 penes
2930 1113 3231 1157 summum

831 1172 1178 1239 Pontificem
1211 1179 1338 1240 erat
1364 1195 1504 1240 vera
1527 1175 1668 1242 fidei
1695 1176 1945 1243 scientia
1971 1186 2033 1242 ct
2062 1177 2138 1245 ab
2185 1200 2255 1243 eo
2286 1198 2443 1243 nove
2470 1178 2659 1264 Angli
2688 1178 3051 1243 defecerunt.

1777 1490 1969 1556 CAP.
2016 1490 2257 1559 XXVI.

951 1658 1224 1724 Tliadaeus
1251 1666 1642 1723 O'Sullevanus
1665 1663 2268 1789 insigrbiztffiiffggnator
2293 1664 2523 1721 Ibernos
2548 1669 2837 1724 confirmat
2860 1670 2918 1723 in
2942 1669 3084 1725 Fide

831 1875 914 1940 11<
985 1874 1083 1939 his
1153 1871 1445 1957 angustiis
1513 1869 1680 1933 Deus
1739 1865 2022 1951 Optimus
2088 1866 2391 1931 Maximus
2465 1868 2567 1953 qui
2638 1892 2781 1934 suos
2852 1870 2918 1935 in
2989 1892 3221 1937 summo

831 1961 1173 2027 discrimine
1199 1958 1558 2024 constitutos
1607 1954 1853 2018 minime
1903 1952 2138 2031 deserit,
2189 1952 2425 2018 Ibernis
2468 1954 2744 2021 subvenit
2785 1978 2891 2041 per
2918 1956 3224 2023 Thadeum

831 2048 1296 2114 O’Sullevanum
1339 2042 1710 2127 Theologum
1761 2039 2065 2104 doctorem
2111 2038 2442 2127 Seraphicae
2501 2041 2829 2128 Religionis
2888 2042 3220 2109 alumnum.

831 2136 898 2199 Is
926 2134 1158 2213 cumin
1188 2130 1485 2216 Hispania
1511 2127 1737 2193 litteras
1789 2148 1984 2191 sacras
2032 2125 2354 2206 didicisset,
2382 2129 2448 2193 in
2475 2127 2777 2194 Iberniam
2804 2130 3089 2215 flagrante
3110 2132 3221 2197 hac

873 2218 1258 2286 ersecutionis
1307 2216 1500 2282 facula
1548 2213 1905 2279 revertitur:
1949 2210 2381 2292 Dubhlinnam‚
2428 2214 2791 2301 Manapiam,
2842 2216 3218 2298 Corcacham,

829 2245 1236 2372 {omnacham
1280 2316 1342 2368 et
1391 2303 1506 2367 alia
1554 2298 1773 2386 oppida
1820 2321 1855 2363 r
1934 2299 1987 2363 ‘a
2032 2298 2175 2364 adit.
2228 2299 2504 2366 Ditiones
2552 2302 2866 2382 nobilium,
2913 2310 3219 2389 totamque

830 2394 1133 2460 Iberniam
1161 2397 1452 2476 peragrat,
1483 2384 1880 2473 evangelicam
1932 2407 2102 2470 egem
2130 2408 2199 2451 ex
2244 2386 2452 2466 licans,
2472 2388 2541 2452 in
2568 2411 2637 2455 ea
2663 2390 2953 2476 populum
2982 2413 3219 2456 conser-

829 2502 994 2560 vans,
1024 2486 1086 2545 et
1113 2477 1189 2543 ab
1240 2475 1535 2542 erroribus
1584 2472 1756 2539 novis
1806 2471 2126 2537 deterrenS.
2200 2408 2383 2543 &uod
2410 2482 2581 2540 tanto
2626 2477 2915 2541 sermonis
2957 2474 3221 2543 Ibernici

829 2569 1042 2646 nitore,
1071 2572 1242 2631 tanta
1269 2562 1621 2640 eruditione,
1649 2562 1819 2625 tanta
1846 2557 1984 2623 vitae
2028 2560 2386 2640 innocentia,
2417 2567 2585 2627 tanta
2607 2563 2884 2628 felicitate
2925 2563 3218 2649 prs-stitit,

629 2660 900 2730 [108.]ut
928 2676 1066 2721 eum
1093 2652 1302 2717 Iberni
1345 2648 1676 2716 secundum
1723 2666 1905 2711 suum
1948 2644 2301 2730 Patritiumss
2336 2654 2590 2714 vocent:
2638 2650 2739 2735 qui
2780 2672 2858 2735 pe
2898 2672 3005 2736 per
3043 2672 3221 2735 quem

828 2743 996 2808 Deus
1044 2740 1162 2805 illis
1212 2737 1580 2803 conservavit
1649 2730 2015 2799 Catholicam
2087 2732 2283 2811 fidem,
2349 2757 2529 2819 quam
2584 2758 2690 2821 per
2808 2738 2973 2801 ivum
3029 2737 3221 2803 Patri-

829 2829 983 2895 tium
1051 2826 1235 2892 misit.
1353 2824 1506 2889 Cum
1565 2821 1821 2906 insignis
1879 2820 2313 2885 concionatoris
2384 2822 2543 2887 fama
2614 2844 2719 2907 per
2790 2830 2981 2888 totam
3053 2824 3219 2889 Iber-

827 2917 988 2981 niam
1017 2912 1262 2980 celebris
1312 2911 1388 2977 ad
1433 2910 1666 2995 Anglos
1717 2907 2100 2993 pervenisset,
2158 2908 2403 2995 ipseque
2446 2907 2520 2974 ab
2578 2908 2697 2975 illis
2756 2909 3070 2995 diligenter
3124 2912 3217 2975 in·

805 3004 1178 3089 ,quireretur‚
1224 2998 1397 3064 illum
1445 2996 1756 3081 Eugenius
1809 2992 2286 3059 O’Sullevannus
2352 2994 2588 3061 Bearrae
2636 2997 2911 3083 princeps
2968 3004 3215 3083 patruus

827 3110 996 3153 meus
1042 3085 1323 3163 occuluit,
1376 3083 1565 3149 donec
1613 3080 1718 3146 illa
1760 3079 2071 3166 inquisitio
2120 3080 2432 3165 paululum
2482 3084 2901 3169 conquieverit,
2951 3084 3217 3168 duosque

826 3173 1090 3259 perditos
1139 3171 1409 3236 homines
1468 3170 1574 3255 qui
1632 3188 1757 3232 rem
1832 3165 1907 3233 ad
1978 3166 2287 3233 haereticos
2347 3168 2570 3235 deferre
2620 3177 2977 3250 statuerunt,
3048 3192 3212 3236 com-

825 3259 1148 3347 prehensos
1227 3266 1420 3321 morte
1497 3251 1810 3342 plectendo
1883 3255 2217 3318 antevertit.
2334 3252 2612 3343 Denique
2690 3256 2987 3323 Thadaeus
3056 3256 3215 3323 diem

827 3352 1030 3412 sancte
1059 3342 1290 3409 obivit*
1317 3342 1522 3430 paucis
1571 3339 1782 3406 diebus
1832 3338 1973 3405 ante
2004 3338 2244 3406 initium
2288 3340 2428 3407 belli
2457 3346 2676 3431 magni,
2709 3344 2872 3432 quod
2900 3344 3053 3410 infra
3080 3366 3212 3410 sum

824 3434 1172 3519 scripturus,

1757 3724 1938 3791 GAP.
1984 3670 2262 3791 xxvn.

1371 3864 1608 3961 Aliq⁶uot
1631 3906 1787 3943 casus
1811 3889 2204 3962 persecutionis
2228 3888 2372 3947 scitu
2388 3890 2639 3961 jucundi.

814 4043 1128 4109 Burnum
1179 4042 1278 4107 hic
1323 4038 1646 4106 nonnullos
1686 4042 1868 4126 hujus
1915 4042 2343 4129 persecutionis
2388 4064 2579 4122 camis,
2630 4041 2867 4128 quibus,
2920 4046 2981 4107 et
3036 4036 3204 4109 Iber-

814 4152 1030 4196 norum
1060 4128 1392 4196 constantia
1421 4126 1726 4213 probatur,
1750 4136 1812 4193 et
1829 4151 2008 4214 quam
2038 4152 2205 4195 vanae
2233 4136 2293 4195 et
2313 4128 2557 4195 lubricae
2584 4130 2605 4193 i
2654 4130 2735 4193 sis
2762 4130 3051 4195 haereticis
3080 4152 3203 4196 suae

813 4222 990 4283 sectae
1019 4216 1350 4293 videantur,
1381 4212 1696 4281 constabit.
1720 4214 2026 4300 Imprimis
2050 4218 2301 4303 juvenes
2329 4216 2557 4282 nobiloe
2575 4216 2609 4282 I
2654 4216 2826 4281 erni*
2853 4218 2959 4303 qui
2985 4214 3201 4282 Dubh-

813 4304 994 4369 linnae
1023 4304 1096 4369 ab
1126 4300 1344 4387 Anglis
1373 4299 1606 4366 obsides
1635 4300 2010 4383 tenebantur,
2040 4304 2107 4369 in
2148 4302 2440 4390 templum
2482 4302 2649 4368 ducti
2674 4302 2792 4382 die,
2826 4300 2949 4390 'qui
2992 4304 3198 4384 festus,

885 4496 908 4523 ·
947 4492 1162 4547 Buried
1183 4490 1242 4545 in
1267 4490 1531 4545 Kilchree
1557 4490 1895 4548 Franciscan
1912 4494 2182 4559 Convent‚
2200 4486 2405 4579 count'y
2426 4494 2593 4551 Oork.
2623 4504 2663 4531 “
2678 4496 2747 4550 In
2771 4496 3013 4550 claustro
3037 4494 3205 4565 hujus

814 4571 1111 4618 conventus
1135 4564 1193 4615 in
1215 4562 1466 4634 ingressu
1491 4563 1716 4634 capituli
1737 4564 1891 4635 jacet
1915 4584 2113 4637 corpus
2138 4566 2461 4621 venerabilis
2496 4564 2688 4621 fratris
2714 4567 2941 4621 Thadaei
2970 4564 3209 4622 O'Suili·

812 4635 1028 4701 himine,
1055 4633 1147 4705 qui
1171 4633 1310 4688 obiit
1339 4634 1404 4693 17
1444 4634 1787 4700 DecembriS,
1833 4638 2015 4692 Anno.
2068 4638 2221 4697 1597.
2300 4634 2412 4692 Hic
2452 4643 2574 4691 erat
2596 4638 2823 4710 insignis
2856 4638 3207 4710 proedicator,

815 4705 910 4777 qui
935 4704 1109 4758 multa
1129 4704 1274 4759 bona
1296 4705 1557 4777 prestitit
1581 4706 1734 4761 verbi
1762 4706 1871 4761 Dei
1911 4708 2300 4779 predicatione
2324 4708 2381 4761 in
2405 4712 2526 4763 tota
2563 4707 2851 4771 Hibernia,
2876 4707 3033 4778 cujus
3058 4726 3211 4779 mag·

813 4792 940 4830 nam
965 4783 1176 4846 partem
1199 4776 1316 4846 ipse
1339 4793 1438 4847 per
1541 4778 1671 4840 avit,
1701 4780 2005 4849 presertim
2022 4787 2213 4864 partes
2238 4776 2410 4851 magis
2435 4779 2723 4863 sylvestres
2740 4788 2797 4834 et
2819 4779 2999 4833 minus
3023 4778 3209 4832 civiles

812 4846 869 4901 in
913 4845 1110 4918 quibus
1145 4845 1450 4901 latrocinan
1491 4848 1509 4901 i
1553 4855 1608 4901 et
1651 4850 2038 4905 meretricandi
2078 4851 2299 4905 licentia
2338 4864 2511 4923 magis
2554 4850 2921 4914 increbuerat.
3011 4849 3209 4905 Multus
