<?xml version="1.0" encoding="UTF-8"?>
<!DOCTYPE html PUBLIC "-//W3C//DTD XHTML 1.0 Transitional//EN"
    "http://www.w3.org/TR/xhtml1/DTD/xhtml1-transitional.dtd">
<html xmlns="http://www.w3.org/1999/xhtml" xml:lang="en" lang="en">
 <head>
  <title>
</title>
<meta http-equiv="Content-Type" content="text/html;charset=utf-8" />
  <meta name='ocr-system' content='tesseract 3.04.00' />
  <meta name='ocr-capabilities' content='ocr_page ocr_carea ocr_par ocr_line ocrx_word'/>
</head>
<body>
  <div class='ocr_page' id='page_1' title='image "./historicatholic00kellgoog_0153.png"; bbox 0 0 3634 5842; ppageno 0'>
   <div class='ocr_carea' id='block_1_1' title="bbox 353 730 2739 815">
    <p class='ocr_par' dir='ltr' id='par_1_1' title="bbox 353 730 2739 815">
     <span class='ocr_line' id='line_1_1' title="bbox 353 730 2739 815; baseline 0.011 -29"><span class='ocrx_word' id='word_1_1' title='bbox 353 739 492 787; x_wconf 61' lang='lat' dir='ltr'><strong>cnr.</strong></span> <span class='ocrx_word' id='word_1_2' title='bbox 537 730 674 815; x_wconf 57' lang='grc' dir='ltr'><strong>χι]</strong></span> <span class='ocrx_word' id='word_1_3' title='bbox 1029 758 1313 806; x_wconf 69' lang='lat' dir='ltr'><strong>mmm</strong></span> <span class='ocrx_word' id='word_1_4' title='bbox 1357 761 1474 806; x_wconf 77' lang='lat' dir='ltr'><strong>sun</strong></span> <span class='ocrx_word' id='word_1_5' title='bbox 1519 761 1933 808; x_wconf 72' lang='lat' dir='ltr'><strong>numm-HA.</strong></span> <span class='ocrx_word' id='word_1_6' title='bbox 2620 749 2739 814; x_wconf 89' lang='grc'><strong>117</strong></span> 
     </span>
    </p>
   </div>
   <div class='ocr_carea' id='block_1_2' title="bbox 355 908 2917 4385">
    <p class='ocr_par' dir='ltr' id='par_1_2' title="bbox 355 908 2917 4385">
     <span class='ocr_line' id='line_1_2' title="bbox 355 908 2746 1005; baseline 0.008 -38"><span class='ocrx_word' id='word_1_7' title='bbox 355 908 490 968; x_wconf 81' lang='lat' dir='ltr'><strong>toto</strong></span> <span class='ocrx_word' id='word_1_8' title='bbox 545 910 784 1005; x_wconf 75' lang='lat' dir='ltr'><strong>pectore</strong></span> <span class='ocrx_word' id='word_1_9' title='bbox 839 909 1207 991; x_wconf 78' lang='lat' dir='ltr'><strong>incumbant,</strong></span> <span class='ocrx_word' id='word_1_10' title='bbox 1239 936 1432 1002; x_wconf 89' lang='lat' dir='ltr'><strong>neque</strong></span> <span class='ocrx_word' id='word_1_11' title='bbox 1460 914 1764 994; x_wconf 79' lang='lat' dir='ltr'><strong>desistant,</strong></span> <span class='ocrx_word' id='word_1_12' title='bbox 1790 915 1981 982; x_wconf 91' lang='lat' dir='ltr'><strong>donec</strong></span> <span class='ocrx_word' id='word_1_13' title='bbox 2023 916 2066 981; x_wconf 86' lang='lat' dir='ltr'><strong>J</strong></span> <span class='ocrx_word' id='word_1_14' title='bbox 2066 916 2365 984; x_wconf 88' lang='lat' dir='ltr'><strong>ohannem</strong></span> <span class='ocrx_word' id='word_1_15' title='bbox 2386 918 2481 984; x_wconf 85' lang='lat' dir='ltr'><strong>vel</strong></span> <span class='ocrx_word' id='word_1_16' title='bbox 2509 919 2746 1004; x_wconf 65' lang='lat' dir='ltr'><strong>capient</strong></span> 
     </span>
     <span class='ocr_line' id='line_1_3' title="bbox 360 989 2746 1093; baseline 0.007 -38"><span class='ocrx_word' id='word_1_17' title='bbox 360 989 456 1055; x_wconf 82' lang='lat' dir='ltr'><strong>vel</strong></span> <span class='ocrx_word' id='word_1_18' title='bbox 485 992 780 1093; x_wconf 61' lang='lat' dir='ltr'><strong>occidant.</strong></span> <span class='ocrx_word' id='word_1_19' title='bbox 871 996 1085 1064; x_wconf 88' lang='lat' dir='ltr'><strong>Comes</strong></span> <span class='ocrx_word' id='word_1_20' title='bbox 1118 1000 1446 1067; x_wconf 88' lang='lat' dir='ltr'><strong>Urmonius</strong></span> <span class='ocrx_word' id='word_1_21' title='bbox 1475 1008 1536 1067; x_wconf 91' lang='lat' dir='ltr'><strong>et</strong></span> <span class='ocrx_word' id='word_1_22' title='bbox 1563 1002 1662 1067; x_wconf 85' lang='lat' dir='ltr'><strong>alii</strong></span> <span class='ocrx_word' id='word_1_23' title='bbox 1691 1009 1999 1087; x_wconf 86' lang='lat' dir='ltr'><strong>magnates</strong></span> <span class='ocrx_word' id='word_1_24' title='bbox 2058 1003 2263 1071; x_wconf 88' lang='lat' dir='ltr'><strong>Iberni</strong></span> <span class='ocrx_word' id='word_1_25' title='bbox 2294 1005 2746 1071; x_wconf 76' lang='lat' dir='ltr'><strong>Giraldinorum</strong></span> 
     </span>
     <span class='ocr_line' id='line_1_4' title="bbox 365 1076 2748 1169; baseline 0.006 -26"><span class='ocrx_word' id='word_1_26' title='bbox 365 1076 706 1163; x_wconf 82' lang='lat' dir='ltr'><strong>superbiam</strong></span> <span class='ocrx_word' id='word_1_27' title='bbox 754 1088 815 1147; x_wconf 89' lang='lat' dir='ltr'><strong>et</strong></span> <span class='ocrx_word' id='word_1_28' title='bbox 871 1086 1195 1169; x_wconf 85' lang='lat' dir='ltr'><strong>potentiam</strong></span> <span class='ocrx_word' id='word_1_29' title='bbox 1252 1089 1417 1155; x_wconf 88' lang='lat' dir='ltr'><strong>exosi</strong></span> <span class='ocrx_word' id='word_1_30' title='bbox 1459 1088 1692 1155; x_wconf 72' lang='lat' dir='ltr'><strong>facilius</strong></span> <span class='ocrx_word' id='word_1_31' title='bbox 1719 1090 1786 1154; x_wconf 89' lang='lat' dir='ltr'><strong>in</strong></span> <span class='ocrx_word' id='word_1_32' title='bbox 1811 1089 1948 1156; x_wconf 88' lang='lat' dir='ltr'><strong>illos</strong></span> <span class='ocrx_word' id='word_1_33' title='bbox 1988 1090 2351 1158; x_wconf 85' lang='lat' dir='ltr'><strong>alliciuntur.</strong></span> <span class='ocrx_word' id='word_1_34' title='bbox 2440 1092 2481 1157; x_wconf 83' lang='lat' dir='ltr'><strong>J</strong></span> <span class='ocrx_word' id='word_1_35' title='bbox 2484 1093 2748 1158; x_wconf 82' lang='lat' dir='ltr'><strong>ohannes</strong></span> 
     </span>
     <span class='ocr_line' id='line_1_5' title="bbox 371 1165 2749 1265; baseline 0.006 -34"><span class='ocrx_word' id='word_1_36' title='bbox 371 1185 510 1231; x_wconf 90' lang='lat' dir='ltr'><strong>cum</strong></span> <span class='ocrx_word' id='word_1_37' title='bbox 539 1165 720 1233; x_wconf 86' lang='lat' dir='ltr'><strong>fratre</strong></span> <span class='ocrx_word' id='word_1_38' title='bbox 749 1168 792 1233; x_wconf 87' lang='lat' dir='ltr'><strong>J</strong></span> <span class='ocrx_word' id='word_1_39' title='bbox 792 1170 966 1251; x_wconf 81' lang='lat' dir='ltr'><strong>aimo,</strong></span> <span class='ocrx_word' id='word_1_40' title='bbox 999 1173 1381 1259; x_wconf 79' lang='lat' dir='ltr'><strong>patruelibus,</strong></span> <span class='ocrx_word' id='word_1_41' title='bbox 1411 1176 1757 1262; x_wconf 85' lang='lat' dir='ltr'><strong>gentilibus,</strong></span> <span class='ocrx_word' id='word_1_42' title='bbox 1805 1179 2071 1243; x_wconf 61' lang='lat' dir='ltr'><strong>animosa¹</strong></span> <span class='ocrx_word' id='word_1_43' title='bbox 2092 1178 2410 1264; x_wconf 89' lang='lat' dir='ltr'><strong>juventute</strong></span> <span class='ocrx_word' id='word_1_44' title='bbox 2430 1202 2505 1245; x_wconf 81' lang='lat' dir='ltr'><strong>ex</strong></span> <span class='ocrx_word' id='word_1_45' title='bbox 2533 1201 2749 1265; x_wconf 81' lang='lat' dir='ltr'>genere</span> 
     </span>
     <span class='ocr_line' id='line_1_6' title="bbox 377 1252 2758 1363; baseline 0.006 -47"><span class='ocrx_word' id='word_1_46' title='bbox 377 1252 520 1317; x_wconf 85' lang='lat' dir='ltr'><strong>Mac</strong></span> <span class='ocrx_word' id='word_1_47' title='bbox 573 1254 961 1356; x_wconf 76' lang='lat' dir='ltr'><strong>Suinniorum</strong></span> <span class='ocrx_word' id='word_1_48' title='bbox 1026 1261 1301 1345; x_wconf 87' lang='lat' dir='ltr'><strong>(quorum</strong></span> <span class='ocrx_word' id='word_1_49' title='bbox 1362 1285 1484 1328; x_wconf 86' lang='lat' dir='ltr'><strong>non</strong></span> <span class='ocrx_word' id='word_1_50' title='bbox 1541 1264 1778 1363; x_wconf 83' lang='lat' dir='ltr'><strong>infimos</strong></span> <span class='ocrx_word' id='word_1_51' title='bbox 1827 1269 1976 1329; x_wconf 91' lang='lat' dir='ltr'><strong>tunc</strong></span> <span class='ocrx_word' id='word_1_52' title='bbox 2006 1264 2302 1331; x_wconf 85' lang='lat' dir='ltr'><strong>Giraldini</strong></span> <span class='ocrx_word' id='word_1_53' title='bbox 2346 1265 2758 1332; x_wconf 79' lang='lat' dir='ltr'><strong>desiderabant</strong></span> 
     </span>
     <span class='ocr_line' id='line_1_7' title="bbox 376 1339 2759 1439; baseline 0.006 -35"><span class='ocrx_word' id='word_1_54' title='bbox 376 1339 520 1404; x_wconf 80' lang='lat' dir='ltr'><strong>Mac</strong></span> <span class='ocrx_word' id='word_1_55' title='bbox 575 1342 791 1409; x_wconf 80' lang='lat' dir='ltr'><strong>Cartioe</strong></span> <span class='ocrx_word' id='word_1_56' title='bbox 847 1342 1003 1410; x_wconf 87' lang='lat' dir='ltr'><strong>bello</strong></span> <span class='ocrx_word' id='word_1_57' title='bbox 1031 1348 1398 1435; x_wconf 85' lang='lat' dir='ltr'><strong>peremptos)</strong></span> <span class='ocrx_word' id='word_1_58' title='bbox 1457 1350 1768 1438; x_wconf 79' lang='lat' dir='ltr'><strong>Dermysio</strong></span> <span class='ocrx_word' id='word_1_59' title='bbox 1828 1349 2423 1439; x_wconf 77' lang='lat' dir='ltr'><strong>O’Sullevano&#39;patre</strong></span> <span class='ocrx_word' id='word_1_60' title='bbox 2467 1375 2620 1431; x_wconf 90' lang='lat' dir='ltr'><strong>meo,</strong></span> <span class='ocrx_word' id='word_1_61' title='bbox 2652 1352 2759 1439; x_wconf 88' lang='lat' dir='ltr'><strong>qui</strong></span> 
     </span>
     <span class='ocr_line' id='line_1_8' title="bbox 378 1427 2759 1529; baseline 0.005 -37"><span class='ocrx_word' id='word_1_62' title='bbox 378 1427 632 1529; x_wconf 72' lang='lat' dir='ltr'><strong>Bearros</strong></span> <span class='ocrx_word' id='word_1_63' title='bbox 652 1430 879 1516; x_wconf 78' lang='lat' dir='ltr'><strong>pedites</strong></span> <span class='ocrx_word' id='word_1_64' title='bbox 909 1432 1180 1514; x_wconf 89' lang='lat' dir='ltr'><strong>ducebat,</strong></span> <span class='ocrx_word' id='word_1_65' title='bbox 1233 1434 1480 1522; x_wconf 82' lang='lat' dir='ltr'><strong>aliisque</strong></span> <span class='ocrx_word' id='word_1_66' title='bbox 1509 1460 1636 1503; x_wconf 85' lang='lat' dir='ltr'><strong>sese</strong></span> <span class='ocrx_word' id='word_1_67' title='bbox 1683 1438 1871 1503; x_wconf 83' lang='lat' dir='ltr'><strong>tutari</strong></span> <span class='ocrx_word' id='word_1_68' title='bbox 1911 1442 1974 1503; x_wconf 92' lang='lat' dir='ltr'><strong>et</strong></span> <span class='ocrx_word' id='word_1_69' title='bbox 2014 1438 2288 1504; x_wconf 78' lang='lat' dir='ltr'><strong>hostibus</strong></span> <span class='ocrx_word' id='word_1_70' title='bbox 2318 1438 2497 1504; x_wconf 89' lang='lat' dir='ltr'><strong>simul</strong></span> <span class='ocrx_word' id='word_1_71' title='bbox 2526 1439 2759 1505; x_wconf 86' lang='lat' dir='ltr'><strong>officere</strong></span> 
     </span>
     <span class='ocr_line' id='line_1_9' title="bbox 377 1514 2756 1611; baseline 0.005 -33"><span class='ocrx_word' id='word_1_72' title='bbox 377 1514 639 1581; x_wconf 80' lang='lat' dir='ltr'><strong>molitur.</strong></span> <span class='ocrx_word' id='word_1_73' title='bbox 713 1516 1016 1605; x_wconf 87' lang='lat' dir='ltr'><strong>Principio</strong></span> <span class='ocrx_word' id='word_1_74' title='bbox 1073 1523 1274 1587; x_wconf 86' lang='lat' dir='ltr'><strong>statim</strong></span> <span class='ocrx_word' id='word_1_75' title='bbox 1331 1521 1474 1589; x_wconf 89' lang='lat' dir='ltr'><strong>belli</strong></span> <span class='ocrx_word' id='word_1_76' title='bbox 1528 1546 1724 1589; x_wconf 85' lang='lat' dir='ltr'><strong>eomes</strong></span> <span class='ocrx_word' id='word_1_77' title='bbox 1782 1523 2067 1589; x_wconf 76' lang='lat' dir='ltr'><strong>Giraldus</strong></span> <span class='ocrx_word' id='word_1_78' title='bbox 2114 1526 2179 1591; x_wconf 91' lang='lat' dir='ltr'><strong>in</strong></span> <span class='ocrx_word' id='word_1_79' title='bbox 2226 1526 2391 1611; x_wconf 85' lang='lat' dir='ltr'><strong>regia</strong></span> <span class='ocrx_word' id='word_1_80' title='bbox 2432 1531 2624 1591; x_wconf 87' lang='lat' dir='ltr'><strong>castra</strong></span> <span class='ocrx_word' id='word_1_81' title='bbox 2649 1525 2756 1605; x_wconf 89' lang='lat' dir='ltr'><strong>ire,</strong></span> 
     </span>
     <span class='ocr_line' id='line_1_10' title="bbox 380 1604 2763 1699; baseline 0.005 -33"><span class='ocrx_word' id='word_1_82' title='bbox 380 1621 561 1688; x_wconf 89' lang='lat' dir='ltr'><strong>seque</strong></span> <span class='ocrx_word' id='word_1_83' title='bbox 589 1604 878 1671; x_wconf 73' lang='lat' dir='ltr'><strong>haereticis</strong></span> <span class='ocrx_word' id='word_1_84' title='bbox 906 1607 1244 1692; x_wconf 81' lang='lat' dir='ltr'><strong>permittere</strong></span> <span class='ocrx_word' id='word_1_85' title='bbox 1273 1632 1393 1674; x_wconf 91' lang='lat' dir='ltr'><strong>non</strong></span> <span class='ocrx_word' id='word_1_86' title='bbox 1423 1615 1516 1675; x_wconf 86' lang='lat' dir='ltr'><strong>est</strong></span> <span class='ocrx_word' id='word_1_87' title='bbox 1541 1632 1741 1689; x_wconf 84' lang='lat' dir='ltr'><strong>ausus,</strong></span> <span class='ocrx_word' id='word_1_88' title='bbox 1771 1632 1999 1675; x_wconf 89' lang='lat' dir='ltr'><strong>memor</strong></span> <span class='ocrx_word' id='word_1_89' title='bbox 2024 1609 2193 1699; x_wconf 90' lang='lat' dir='ltr'><strong>longi</strong></span> <span class='ocrx_word' id='word_1_90' title='bbox 2218 1612 2467 1678; x_wconf 86' lang='lat' dir='ltr'><strong>carceris</strong></span> <span class='ocrx_word' id='word_1_91' title='bbox 2497 1634 2615 1697; x_wconf 91' lang='lat' dir='ltr'><strong>quo</strong></span> <span class='ocrx_word' id='word_1_92' title='bbox 2644 1612 2763 1677; x_wconf 82' lang='lat' dir='ltr'><strong>fuit</strong></span> 
     </span>
     <span class='ocr_line' id='line_1_11' title="bbox 379 1689 2759 1799; baseline 0.003 -44"><span class='ocrx_word' id='word_1_93' title='bbox 379 1689 455 1755; x_wconf 88' lang='lat' dir='ltr'><strong>ab</strong></span> <span class='ocrx_word' id='word_1_94' title='bbox 511 1690 630 1755; x_wconf 88' lang='lat' dir='ltr'><strong>illis</strong></span> <span class='ocrx_word' id='word_1_95' title='bbox 657 1697 831 1792; x_wconf 76' lang='lat' dir='ltr'><strong>antea</strong></span> <span class='ocrx_word' id='word_1_96' title='bbox 859 1692 1176 1759; x_wconf 86' lang='lat' dir='ltr'><strong>detentus:</strong></span> <span class='ocrx_word' id='word_1_97' title='bbox 1220 1718 1331 1795; x_wconf 79' lang='lat' dir='ltr'><strong>nec</strong></span> <span class='ocrx_word' id='word_1_98' title='bbox 1359 1702 1558 1796; x_wconf 76' lang='lat' dir='ltr'><strong>tamen</strong></span> <span class='ocrx_word' id='word_1_99' title='bbox 1587 1695 1664 1763; x_wconf 86' lang='lat' dir='ltr'><strong>ab</strong></span> <span class='ocrx_word' id='word_1_100' title='bbox 1689 1696 1808 1763; x_wconf 87' lang='lat' dir='ltr'><strong>illis</strong></span> <span class='ocrx_word' id='word_1_101' title='bbox 1856 1720 1919 1763; x_wconf 88' lang='lat' dir='ltr'><strong>se</strong></span> <span class='ocrx_word' id='word_1_102' title='bbox 1962 1697 2249 1799; x_wconf 68' lang='lat' dir='ltr'><strong>desiscere</strong></span> <span class='ocrx_word' id='word_1_103' title='bbox 2270 1721 2393 1784; x_wconf 77' lang='lat' dir='ltr'><strong>prae</strong></span> <span class='ocrx_word' id='word_1_104' title='bbox 2421 1722 2485 1763; x_wconf 87' lang='lat' dir='ltr'><strong>se</strong></span> <span class='ocrx_word' id='word_1_105' title='bbox 2514 1697 2759 1777; x_wconf 86' lang='lat' dir='ltr'><strong>ferebat,</strong></span> 
     </span>
     <span class='ocr_line' id='line_1_12' title="bbox 379 1778 2761 1957; baseline 0.002 -26"><span class='ocrx_word' id='word_1_106' title='bbox 379 1778 1648 1936; x_wconf 54' lang='lat' dir='ltr'><strong>ffiesfiffinmfiffimffiffiffissffi</strong></span> <span class='ocrx_word' id='word_1_107' title='bbox 1664 1782 1969 1957; x_wconf 50' lang='lat' dir='ltr'><strong>fssfsst’in</strong></span> <span class='ocrx_word' id='word_1_108' title='bbox 1978 1783 2572 1938; x_wconf 37' lang='lat' dir='ltr'><strong>intimi&amp;</strong></span> <span class='ocrx_word' id='word_1_109' title='bbox 2580 1806 2761 1957; x_wconf 52' lang='lat'><strong>1233</strong></span> 
     </span>
     <span class='ocr_line' id='line_1_13' title="bbox 380 1951 2759 2046; baseline 0.002 -27"><span class='ocrx_word' id='word_1_110' title='bbox 380 1951 644 2020; x_wconf 76' lang='lat' dir='ltr'><strong>tradidit.</strong></span> <span class='ocrx_word' id='word_1_111' title='bbox 735 1952 1146 2019; x_wconf 84' lang='lat' dir='ltr'><strong>Nihilominus</strong></span> <span class='ocrx_word' id='word_1_112' title='bbox 1205 1954 1280 2021; x_wconf 85' lang='lat' dir='ltr'><strong>ab</strong></span> <span class='ocrx_word' id='word_1_113' title='bbox 1337 1955 1454 2022; x_wconf 89' lang='lat' dir='ltr'><strong>illis</strong></span> <span class='ocrx_word' id='word_1_114' title='bbox 1476 1978 1672 2022; x_wconf 86' lang='lat' dir='ltr'><strong>comes</strong></span> <span class='ocrx_word' id='word_1_115' title='bbox 1701 1958 1913 2037; x_wconf 88' lang='lat' dir='ltr'><strong>hostis,</strong></span> <span class='ocrx_word' id='word_1_116' title='bbox 1934 1958 2257 2045; x_wconf 84' lang='lat' dir='ltr'><strong>judicatur,</strong></span> <span class='ocrx_word' id='word_1_117' title='bbox 2289 1960 2535 2046; x_wconf 85' lang='lat' dir='ltr'><strong>ejusque</strong></span> <span class='ocrx_word' id='word_1_118' title='bbox 2548 1958 2759 2023; x_wconf 76' lang='lat' dir='ltr'><strong>‚muni-</strong></span> 
     </span>
     <span class='ocr_line' id='line_1_14' title="bbox 380 2040 2758 2131; baseline 0.001 -24"><span class='ocrx_word' id='word_1_119' title='bbox 380 2044 533 2129; x_wconf 83' lang='lat' dir='ltr'><strong>cipia</strong></span> <span class='ocrx_word' id='word_1_120' title='bbox 560 2044 734 2123; x_wconf 86' lang='lat' dir='ltr'><strong>ferro,</strong></span> <span class='ocrx_word' id='word_1_121' title='bbox 763 2040 1116 2126; x_wconf 87' lang='lat' dir='ltr'><strong>flammaque</strong></span> <span class='ocrx_word' id='word_1_122' title='bbox 1138 2041 1538 2109; x_wconf 79' lang='lat' dir='ltr'><strong>devastantur.</strong></span> <span class='ocrx_word' id='word_1_123' title='bbox 1567 2044 1668 2109; x_wconf 90' lang='lat' dir='ltr'><strong>Ad</strong></span> <span class='ocrx_word' id='word_1_124' title='bbox 1686 2067 1821 2131; x_wconf 79' lang='lat' dir='ltr'><strong>quae</strong></span> <span class='ocrx_word' id='word_1_125' title='bbox 1841 2044 2212 2112; x_wconf 85' lang='lat' dir='ltr'><strong>defendenda</strong></span> <span class='ocrx_word' id='word_1_126' title='bbox 2236 2046 2337 2112; x_wconf 87' lang='lat' dir='ltr'><strong>ille</strong></span> <span class='ocrx_word' id='word_1_127' title='bbox 2365 2068 2529 2111; x_wconf 86' lang='lat' dir='ltr'><strong>arma</strong></span> <span class='ocrx_word' id='word_1_128' title='bbox 2556 2066 2687 2110; x_wconf 88' lang='lat' dir='ltr'><strong>sum</strong></span> <span class='ocrx_word' id='word_1_129' title='bbox 2734 2086 2758 2099; x_wconf 92' lang='lat'>-</span> 
     </span>
     <span class='ocr_line' id='line_1_15' title="bbox 380 2066 2761 2217; baseline 0.001 -22"><span class='ocrx_word' id='word_1_130' title='bbox 380 2130 522 2195; x_wconf 63' lang='lat' dir='ltr'><strong>sits*</strong></span> <span class='ocrx_word' id='word_1_131' title='bbox 609 2130 733 2202; x_wconf 80' lang='lat' dir='ltr'><strong>Qui</strong></span> <span class='ocrx_word' id='word_1_132' title='bbox 752 2128 892 2192; x_wconf 71' lang='lat' dir='ltr'><strong>cum</strong></span> <span class='ocrx_word' id='word_1_133' title='bbox 907 2127 1217 2217; x_wconf 83' lang='lat' dir='ltr'><strong>principie,</strong></span> <span class='ocrx_word' id='word_1_134' title='bbox 1238 2128 1516 2197; x_wconf 80' lang='lat' dir='ltr'><strong>faeliciore</strong></span> <span class='ocrx_word' id='word_1_135' title='bbox 1542 2136 1730 2198; x_wconf 85' lang='lat' dir='ltr'><strong>marte</strong></span> <span class='ocrx_word' id='word_1_136' title='bbox 1743 2154 1871 2197; x_wconf 91' lang='lat' dir='ltr'><strong>non</strong></span> <span class='ocrx_word' id='word_1_137' title='bbox 1898 2132 2079 2198; x_wconf 87' lang='lat' dir='ltr'><strong>semel</strong></span> <span class='ocrx_word' id='word_1_138' title='bbox 2106 2133 2457 2199; x_wconf 89' lang='lat' dir='ltr'><strong>contulisset</strong></span> <span class='ocrx_word' id='word_1_139' title='bbox 2472 2152 2652 2211; x_wconf 85' lang='lat' dir='ltr'><strong>arma,</strong></span> <span class='ocrx_word' id='word_1_140' title='bbox 2670 2066 2761 2197; x_wconf 78' lang='lat' dir='ltr'><strong>illi</strong></span> 
     </span>
     <span class='ocr_line' id='line_1_16' title="bbox 379 2217 2760 2307; baseline 0 -24"><span class='ocrx_word' id='word_1_141' title='bbox 379 2218 584 2303; x_wconf 86' lang='lat' dir='ltr'><strong>regina</strong></span> <span class='ocrx_word' id='word_1_142' title='bbox 639 2218 1074 2305; x_wconf 82' lang='lat' dir='ltr'><strong>impunitatem,</strong></span> <span class='ocrx_word' id='word_1_143' title='bbox 1126 2217 1403 2304; x_wconf 84' lang='lat' dir='ltr'><strong>pristinas</strong></span> <span class='ocrx_word' id='word_1_144' title='bbox 1444 2219 1870 2299; x_wconf 81' lang='lat' dir='ltr'><strong>immunitates,</strong></span> <span class='ocrx_word' id='word_1_145' title='bbox 1914 2219 2175 2306; x_wconf 80' lang='lat' dir='ltr'><strong>aliasque</strong></span> <span class='ocrx_word' id='word_1_146' title='bbox 2215 2220 2377 2307; x_wconf 87' lang='lat' dir='ltr'><strong>pacis</strong></span> <span class='ocrx_word' id='word_1_147' title='bbox 2404 2219 2760 2286; x_wconf 87' lang='lat' dir='ltr'><strong>honorificas</strong></span> 
     </span>
     <span class='ocr_line' id='line_1_17' title="bbox 381 2303 2759 2393; baseline 0 -24"><span class='ocrx_word' id='word_1_148' title='bbox 381 2304 749 2371; x_wconf 89' lang='lat' dir='ltr'><strong>conditiones</strong></span> <span class='ocrx_word' id='word_1_149' title='bbox 778 2303 1002 2369; x_wconf 89' lang='lat' dir='ltr'><strong>obtulit</strong></span> <span class='ocrx_word' id='word_1_150' title='bbox 1057 2306 1129 2369; x_wconf 69' lang='lat' dir='ltr'><strong>ea</strong></span> <span class='ocrx_word' id='word_1_151' title='bbox 1184 2307 1306 2371; x_wconf 59' lang='lat' dir='ltr'><strong>una</strong></span> <span class='ocrx_word' id='word_1_152' title='bbox 1360 2304 1513 2392; x_wconf 87' lang='lat' dir='ltr'><strong>lege,</strong></span> <span class='ocrx_word' id='word_1_153' title='bbox 1545 2312 1616 2371; x_wconf 92' lang='lat' dir='ltr'><strong>ut</strong></span> <span class='ocrx_word' id='word_1_154' title='bbox 1663 2306 1987 2372; x_wconf 89' lang='lat' dir='ltr'><strong>Doctorem</strong></span> <span class='ocrx_word' id='word_1_155' title='bbox 2046 2307 2394 2388; x_wconf 87' lang='lat' dir='ltr'><strong>Sanderum,</strong></span> <span class='ocrx_word' id='word_1_156' title='bbox 2440 2306 2603 2393; x_wconf 89' lang='lat' dir='ltr'><strong>quod</strong></span> <span class='ocrx_word' id='word_1_157' title='bbox 2632 2310 2759 2371; x_wconf 85' lang='lat' dir='ltr'><strong>erat</strong></span> 
     </span>
     <span class='ocr_line' id='line_1_18' title="bbox 381 2390 2759 2480; baseline 0.001 -25"><span class='ocrx_word' id='word_1_158' title='bbox 381 2391 637 2477; x_wconf 86' lang='lat' dir='ltr'><strong>Anglus,</strong></span> <span class='ocrx_word' id='word_1_159' title='bbox 693 2392 881 2477; x_wconf 86' lang='lat' dir='ltr'><strong>ipsius</strong></span> <span class='ocrx_word' id='word_1_160' title='bbox 910 2390 1152 2457; x_wconf 86' lang='lat' dir='ltr'><strong>arbitrio</strong></span> <span class='ocrx_word' id='word_1_161' title='bbox 1207 2393 1593 2477; x_wconf 81' lang='lat' dir='ltr'><strong>permitteret.</strong></span> <span class='ocrx_word' id='word_1_162' title='bbox 1682 2392 1965 2459; x_wconf 72' lang='lat' dir='ltr'><strong>Gir-aldus</strong></span> <span class='ocrx_word' id='word_1_163' title='bbox 2000 2394 2325 2480; x_wconf 86' lang='lat' dir='ltr'><strong>respondit,</strong></span> <span class='ocrx_word' id='word_1_164' title='bbox 2356 2415 2421 2459; x_wconf 89' lang='lat' dir='ltr'><strong>se</strong></span> <span class='ocrx_word' id='word_1_165' title='bbox 2446 2413 2759 2480; x_wconf 83' lang='lat' dir='ltr'><strong>nunquam</strong></span> 
     </span>
     <span class='ocr_line' id='line_1_19' title="bbox 379 2477 2755 2581; baseline 0.001 -39"><span class='ocrx_word' id='word_1_166' title='bbox 379 2478 653 2543; x_wconf 81' lang='lat' dir='ltr'><strong>futurum</strong></span> <span class='ocrx_word' id='word_1_167' title='bbox 680 2477 1041 2563; x_wconf 86' lang='lat' dir='ltr'><strong>proditorem</strong></span> <span class='ocrx_word' id='word_1_168' title='bbox 1070 2478 1390 2543; x_wconf 88' lang='lat' dir='ltr'><strong>sacerdotis</strong></span> <span class='ocrx_word' id='word_1_169' title='bbox 1411 2480 1516 2564; x_wconf 91' lang='lat' dir='ltr'><strong>pii,</strong></span> <span class='ocrx_word' id='word_1_170' title='bbox 1547 2480 1650 2564; x_wconf 91' lang='lat' dir='ltr'><strong>qui</strong></span> <span class='ocrx_word' id='word_1_171' title='bbox 1679 2502 1715 2544; x_wconf 81' lang='lat' dir='ltr'>a</span> <span class='ocrx_word' id='word_1_172' title='bbox 1740 2478 1909 2544; x_wconf 89' lang='lat' dir='ltr'><strong>nullo</strong></span> <span class='ocrx_word' id='word_1_173' title='bbox 1938 2502 2061 2546; x_wconf 80' lang='lat' dir='ltr'><strong>suae</strong></span> <span class='ocrx_word' id='word_1_174' title='bbox 2104 2482 2300 2567; x_wconf 86' lang='lat' dir='ltr'><strong>gentis</strong></span> <span class='ocrx_word' id='word_1_175' title='bbox 2319 2485 2633 2581; x_wconf 74' lang='lat' dir='ltr'><strong>protectus</strong></span> <span class='ocrx_word' id='word_1_176' title='bbox 2681 2479 2755 2545; x_wconf 89' lang='lat' dir='ltr'><strong>ad</strong></span> 
     </span>
     <span class='ocr_line' id='line_1_20' title="bbox 377 2563 2757 2632; baseline 0.001 -3"><span class='ocrx_word' id='word_1_177' title='bbox 377 2563 732 2630; x_wconf 83' lang='lat' dir='ltr'><strong>Pontificem</strong></span> <span class='ocrx_word' id='word_1_178' title='bbox 760 2563 1096 2628; x_wconf 85' lang='lat' dir='ltr'><strong>Maximum</strong></span> <span class='ocrx_word' id='word_1_179' title='bbox 1125 2566 1306 2629; x_wconf 85' lang='lat' dir='ltr'><strong>eonfu</strong></span> <span class='ocrx_word' id='word_1_180' title='bbox 1377 2571 1474 2630; x_wconf 87' lang='lat' dir='ltr'><strong>rat</strong></span> <span class='ocrx_word' id='word_1_181' title='bbox 1501 2572 1563 2631; x_wconf 90' lang='lat' dir='ltr'><strong>et</strong></span> <span class='ocrx_word' id='word_1_182' title='bbox 1587 2566 1729 2631; x_wconf 90' lang='lat' dir='ltr'><strong>inde</strong></span> <span class='ocrx_word' id='word_1_183' title='bbox 1755 2572 1998 2631; x_wconf 84' lang='lat' dir='ltr'><strong>venerat</strong></span> <span class='ocrx_word' id='word_1_184' title='bbox 2038 2566 2104 2631; x_wconf 91' lang='lat' dir='ltr'><strong>in</strong></span> <span class='ocrx_word' id='word_1_185' title='bbox 2132 2566 2433 2632; x_wconf 76' lang='lat' dir='ltr'><strong>Ibermsm</strong></span> <span class='ocrx_word' id='word_1_186' title='bbox 2459 2566 2619 2631; x_wconf 71' lang='lat' dir='ltr'><strong>famfl.</strong></span> <span class='ocrx_word' id='word_1_187' title='bbox 2645 2566 2757 2631; x_wconf 83' lang='lat' dir='ltr'><strong>Ca-</strong></span> 
     </span>
     <span class='ocr_line' id='line_1_21' title="bbox 379 2648 2759 2731; baseline 0.002 -18"><span class='ocrx_word' id='word_1_188' title='bbox 379 2648 619 2715; x_wconf 80' lang='lat' dir='ltr'><strong>tholicoe</strong></span> <span class='ocrx_word' id='word_1_189' title='bbox 638 2649 777 2715; x_wconf 85' lang='lat' dir='ltr'><strong>fidei</strong></span> <span class='ocrx_word' id='word_1_190' title='bbox 824 2655 886 2713; x_wconf 91' lang='lat' dir='ltr'><strong>et</strong></span> <span class='ocrx_word' id='word_1_191' title='bbox 940 2648 1244 2731; x_wconf 82' lang='lat' dir='ltr'><strong>religionis</strong></span> <span class='ocrx_word' id='word_1_192' title='bbox 1273 2650 1310 2715; x_wconf 95' lang='lat' dir='ltr'>I</span> <span class='ocrx_word' id='word_1_193' title='bbox 1351 2673 1630 2716; x_wconf 89' lang='lat' dir='ltr'><strong>ernorum</strong></span> <span class='ocrx_word' id='word_1_194' title='bbox 1659 2651 1895 2717; x_wconf 88' lang='lat' dir='ltr'><strong>ductus.</strong></span> <span class='ocrx_word' id='word_1_195' title='bbox 1982 2652 2080 2716; x_wconf 89' lang='lat' dir='ltr'><strong>De</strong></span> <span class='ocrx_word' id='word_1_196' title='bbox 2106 2652 2221 2717; x_wconf 62' lang='lat' dir='ltr'><strong>hac</strong></span> <span class='ocrx_word' id='word_1_197' title='bbox 2250 2652 2591 2717; x_wconf 88' lang='lat' dir='ltr'><strong>conditione</strong></span> <span class='ocrx_word' id='word_1_198' title='bbox 2620 2674 2759 2718; x_wconf 90' lang='lat' dir='ltr'><strong>eum</strong></span> 
     </span>
     <span class='ocr_line' id='line_1_22' title="bbox 380 2733 2759 2825; baseline 0 -24"><span class='ocrx_word' id='word_1_199' title='bbox 380 2758 506 2801; x_wconf 92' lang='lat' dir='ltr'><strong>non</strong></span> <span class='ocrx_word' id='word_1_200' title='bbox 535 2736 922 2814; x_wconf 86' lang='lat' dir='ltr'><strong>convenisset,</strong></span> <span class='ocrx_word' id='word_1_201' title='bbox 971 2733 1194 2799; x_wconf 85' lang='lat' dir='ltr'><strong>bellum</strong></span> <span class='ocrx_word' id='word_1_202' title='bbox 1223 2738 1396 2821; x_wconf 79' lang='lat' dir='ltr'><strong>caepit</strong></span> <span class='ocrx_word' id='word_1_203' title='bbox 1426 2739 1550 2823; x_wconf 86' lang='lat' dir='ltr'><strong>geri</strong></span> <span class='ocrx_word' id='word_1_204' title='bbox 1573 2737 1825 2822; x_wconf 89' lang='lat' dir='ltr'><strong>profecti</strong></span> <span class='ocrx_word' id='word_1_205' title='bbox 1853 2743 2187 2817; x_wconf 89' lang='lat' dir='ltr'><strong>cruentum,</strong></span> <span class='ocrx_word' id='word_1_206' title='bbox 2220 2758 2343 2825; x_wconf 90' lang='lat' dir='ltr'><strong>quo</strong></span> <span class='ocrx_word' id='word_1_207' title='bbox 2371 2738 2533 2803; x_wconf 83' lang='lat' dir='ltr'><strong>vario</strong></span> <span class='ocrx_word' id='word_1_208' title='bbox 2562 2744 2625 2803; x_wconf 91' lang='lat' dir='ltr'><strong>et</strong></span> <span class='ocrx_word' id='word_1_209' title='bbox 2652 2761 2759 2803; x_wconf 87' lang='lat' dir='ltr'><strong>an·</strong></span> 
     </span>
     <span class='ocr_line' id='line_1_23' title="bbox 378 2821 2759 2909; baseline -0 -20"><span class='ocrx_word' id='word_1_210' title='bbox 378 2823 550 2909; x_wconf 87' lang='lat' dir='ltr'><strong>cipiti</strong></span> <span class='ocrx_word' id='word_1_211' title='bbox 599 2828 787 2889; x_wconf 85' lang='lat' dir='ltr'><strong>marte</strong></span> <span class='ocrx_word' id='word_1_212' title='bbox 841 2843 948 2908; x_wconf 89' lang='lat' dir='ltr'><strong>per</strong></span> <span class='ocrx_word' id='word_1_213' title='bbox 1006 2843 1194 2887; x_wconf 84' lang='lat' dir='ltr'><strong>annos</strong></span> <span class='ocrx_word' id='word_1_214' title='bbox 1251 2823 1484 2888; x_wconf 86' lang='lat' dir='ltr'><strong>circiter</strong></span> <span class='ocrx_word' id='word_1_215' title='bbox 1508 2830 1630 2887; x_wconf 88' lang='lat' dir='ltr'><strong>tres</strong></span> <span class='ocrx_word' id='word_1_216' title='bbox 1674 2824 1792 2888; x_wconf 87' lang='lat' dir='ltr'><strong>fuit</strong></span> <span class='ocrx_word' id='word_1_217' title='bbox 1820 2828 2175 2909; x_wconf 87' lang='lat' dir='ltr'><strong>pugnatum.</strong></span> <span class='ocrx_word' id='word_1_218' title='bbox 2260 2824 2359 2890; x_wconf 82' lang='lat' dir='ltr'><strong>Ex</strong></span> <span class='ocrx_word' id='word_1_219' title='bbox 2387 2821 2759 2909; x_wconf 84' lang='lat' dir='ltr'><strong>dignioribus</strong></span> 
     </span>
     <span class='ocr_line' id='line_1_24' title="bbox 377 2908 2761 2997; baseline 0 -22"><span class='ocrx_word' id='word_1_220' title='bbox 377 2912 536 2976; x_wconf 85' lang='lat' dir='ltr'><strong>scitu</strong></span> <span class='ocrx_word' id='word_1_221' title='bbox 591 2908 826 2975; x_wconf 79' lang='lat' dir='ltr'><strong>casibus</strong></span> <span class='ocrx_word' id='word_1_222' title='bbox 883 2908 1113 2992; x_wconf 81' lang='lat' dir='ltr'><strong>aliquos</strong></span> <span class='ocrx_word' id='word_1_223' title='bbox 1140 2908 1502 2975; x_wconf 85' lang='lat' dir='ltr'><strong>referemus..</strong></span> <span class='ocrx_word' id='word_1_224' title='bbox 1589 2910 1690 2975; x_wconf 87' lang='lat' dir='ltr'><strong>Ad</strong></span> <span class='ocrx_word' id='word_1_225' title='bbox 1739 2910 1975 2995; x_wconf 84' lang='lat' dir='ltr'><strong>Agrum</strong></span> <span class='ocrx_word' id='word_1_226' title='bbox 2024 2910 2225 2989; x_wconf 84' lang='lat' dir='ltr'><strong>fontis,</strong></span> <span class='ocrx_word' id='word_1_227' title='bbox 2288 2910 2511 2997; x_wconf 82' lang='lat' dir='ltr'><strong>(Goart</strong></span> <span class='ocrx_word' id='word_1_228' title='bbox 2565 2931 2647 2976; x_wconf 80' lang='lat' dir='ltr'><strong>na</strong></span> <span class='ocrx_word' id='word_1_229' title='bbox 2688 2917 2761 2975; x_wconf 89' lang='lat' dir='ltr'><strong>tu</strong></span> 
     </span>
     <span class='ocr_line' id='line_1_25' title="bbox 376 2994 2759 3082; baseline 0 -20"><span class='ocrx_word' id='word_1_230' title='bbox 376 2996 652 3082; x_wconf 87' lang='lat' dir='ltr'><strong>bruid.)†</strong></span> <span class='ocrx_word' id='word_1_231' title='bbox 738 2994 1058 3062; x_wconf 80' lang='lat' dir='ltr'><strong>Tarbertus</strong></span> <span class='ocrx_word' id='word_1_232' title='bbox 1116 2994 1354 3081; x_wconf 85' lang='lat' dir='ltr'><strong>Anglus</strong></span> <span class='ocrx_word' id='word_1_233' title='bbox 1413 3018 1552 3062; x_wconf 86' lang='lat' dir='ltr'><strong>cum</strong></span> <span class='ocrx_word' id='word_1_234' title='bbox 1581 3002 1837 3082; x_wconf 81' lang='lat' dir='ltr'><strong>quatuor</strong></span> <span class='ocrx_word' id='word_1_235' title='bbox 1864 2995 2211 3063; x_wconf 80' lang='lat' dir='ltr'><strong>cohortibus</strong></span> <span class='ocrx_word' id='word_1_236' title='bbox 2233 3002 2294 3063; x_wconf 91' lang='lat' dir='ltr'><strong>et</strong></span> <span class='ocrx_word' id='word_1_237' title='bbox 2315 2997 2358 3062; x_wconf 86' lang='lat' dir='ltr'><strong>J</strong></span> <span class='ocrx_word' id='word_1_238' title='bbox 2359 2996 2622 3064; x_wconf 85' lang='lat' dir='ltr'><strong>ohannes</strong></span> <span class='ocrx_word' id='word_1_239' title='bbox 2650 2997 2759 3062; x_wconf 82' lang='lat' dir='ltr'><strong>Gi-</strong></span> 
     </span>
     <span class='ocr_line' id='line_1_26' title="bbox 377 3082 2758 3169; baseline -0 -20"><span class='ocrx_word' id='word_1_240' title='bbox 377 3084 643 3149; x_wconf 85' lang='lat' dir='ltr'><strong>raldinus</strong></span> <span class='ocrx_word' id='word_1_241' title='bbox 678 3084 902 3150; x_wconf 89' lang='lat' dir='ltr'><strong>ducens</strong></span> <span class='ocrx_word' id='word_1_242' title='bbox 931 3082 1297 3169; x_wconf 87' lang='lat' dir='ltr'><strong>quingentos</strong></span> <span class='ocrx_word' id='word_1_243' title='bbox 1367 3082 1554 3148; x_wconf 90' lang='lat' dir='ltr'><strong>edites</strong></span> <span class='ocrx_word' id='word_1_244' title='bbox 1583 3090 1644 3148; x_wconf 90' lang='lat' dir='ltr'><strong>et</strong></span> <span class='ocrx_word' id='word_1_245' title='bbox 1684 3105 1909 3169; x_wconf 82' lang='lat' dir='ltr'><strong>paucos</strong></span> <span class='ocrx_word' id='word_1_246' title='bbox 1936 3084 2166 3169; x_wconf 86' lang='lat' dir='ltr'><strong>equites</strong></span> <span class='ocrx_word' id='word_1_247' title='bbox 2194 3090 2576 3151; x_wconf 82' lang='lat' dir='ltr'><strong>concurrunt.</strong></span> <span class='ocrx_word' id='word_1_248' title='bbox 2650 3083 2693 3148; x_wconf 87' lang='lat' dir='ltr'><strong>J</strong></span> <span class='ocrx_word' id='word_1_249' title='bbox 2692 3106 2758 3148; x_wconf 93' lang='lat' dir='ltr'><strong>o-</strong></span> 
     </span>
     <span class='ocr_line' id='line_1_27' title="bbox 377 3170 2758 3258; baseline 0 -21"><span class='ocrx_word' id='word_1_250' title='bbox 377 3172 636 3237; x_wconf 86' lang='lat' dir='ltr'><strong>hannem</strong></span> <span class='ocrx_word' id='word_1_251' title='bbox 686 3171 885 3237; x_wconf 89' lang='lat' dir='ltr'><strong>animo</strong></span> <span class='ocrx_word' id='word_1_252' title='bbox 942 3170 1085 3234; x_wconf 85' lang='lat' dir='ltr'><strong>forti</strong></span> <span class='ocrx_word' id='word_1_253' title='bbox 1127 3192 1256 3235; x_wconf 87' lang='lat' dir='ltr'><strong>esse</strong></span> <span class='ocrx_word' id='word_1_254' title='bbox 1363 3177 1530 3236; x_wconf 90' lang='lat' dir='ltr'><strong>octor</strong></span> <span class='ocrx_word' id='word_1_255' title='bbox 1561 3170 1861 3237; x_wconf 85' lang='lat' dir='ltr'><strong>Sanderus</strong></span> <span class='ocrx_word' id='word_1_256' title='bbox 1884 3170 2076 3258; x_wconf 90' lang='lat' dir='ltr'><strong>jubet,</strong></span> <span class='ocrx_word' id='word_1_257' title='bbox 2108 3194 2171 3237; x_wconf 88' lang='lat' dir='ltr'><strong>se</strong></span> <span class='ocrx_word' id='word_1_258' title='bbox 2228 3194 2297 3237; x_wconf 87' lang='lat' dir='ltr'><strong>ro</strong></span> <span class='ocrx_word' id='word_1_259' title='bbox 2324 3171 2431 3237; x_wconf 88' lang='lat' dir='ltr'><strong>illo</strong></span> <span class='ocrx_word' id='word_1_260' title='bbox 2452 3170 2758 3258; x_wconf 85' lang='lat' dir='ltr'><strong>praeliante</strong></span> 
     </span>
     <span class='ocr_line' id='line_1_28' title="bbox 378 3195 2758 3345; baseline 0 -22"><span class='ocrx_word' id='word_1_261' title='bbox 378 3258 546 3324; x_wconf 83' lang='lat' dir='ltr'><strong>flexis</strong></span> <span class='ocrx_word' id='word_1_262' title='bbox 567 3257 822 3344; x_wconf 86' lang='lat' dir='ltr'><strong>genibus</strong></span> <span class='ocrx_word' id='word_1_263' title='bbox 851 3256 928 3322; x_wconf 87' lang='lat' dir='ltr'><strong>ad</strong></span> <span class='ocrx_word' id='word_1_264' title='bbox 955 3256 1285 3322; x_wconf 91' lang='lat' dir='ltr'><strong>Dominum</strong></span> <span class='ocrx_word' id='word_1_265' title='bbox 1315 3279 1518 3345; x_wconf 69' lang='lat' dir='ltr'><strong>precoe</strong></span> <span class='ocrx_word' id='word_1_266' title='bbox 1535 3257 1882 3335; x_wconf 84' lang='lat' dir='ltr'><strong>effusurum,</strong></span> <span class='ocrx_word' id='word_1_267' title='bbox 1900 3280 2011 3324; x_wconf 88' lang='lat' dir='ltr'><strong>nec</strong></span> <span class='ocrx_word' id='word_1_268' title='bbox 2038 3257 2171 3325; x_wconf 88' lang='lat' dir='ltr'><strong>loco</strong></span> <span class='ocrx_word' id='word_1_269' title='bbox 2187 3195 2609 3338; x_wconf 74' lang='lat' dir='ltr'><strong>Idiscessurum,</strong></span> <span class='ocrx_word' id='word_1_270' title='bbox 2640 3258 2758 3323; x_wconf 88' lang='lat' dir='ltr'><strong>nisi</strong></span> 
     </span>
     <span class='ocr_line' id='line_1_29' title="bbox 378 3342 2757 3425; baseline 0.001 -15"><span class='ocrx_word' id='word_1_271' title='bbox 378 3344 480 3411; x_wconf 89' lang='lat' dir='ltr'><strong>ille</strong></span> <span class='ocrx_word' id='word_1_272' title='bbox 534 3346 754 3412; x_wconf 85' lang='lat' dir='ltr'><strong>vincat.</strong></span> <span class='ocrx_word' id='word_1_273' title='bbox 839 3343 1006 3409; x_wconf 88' lang='lat' dir='ltr'><strong>Dum</strong></span> <span class='ocrx_word' id='word_1_274' title='bbox 1035 3342 1332 3409; x_wconf 82' lang='lat' dir='ltr'><strong>Sanderus</strong></span> <span class='ocrx_word' id='word_1_275' title='bbox 1360 3344 1427 3409; x_wconf 92' lang='lat' dir='ltr'><strong>in</strong></span> <span class='ocrx_word' id='word_1_276' title='bbox 1454 3345 1577 3410; x_wconf 82' lang='lat' dir='ltr'><strong>alto</strong></span> <span class='ocrx_word' id='word_1_277' title='bbox 1603 3344 1841 3410; x_wconf 87' lang='lat' dir='ltr'><strong>tumulo</strong></span> <span class='ocrx_word' id='word_1_278' title='bbox 1857 3345 2058 3411; x_wconf 89' lang='lat' dir='ltr'><strong>Deum</strong></span> <span class='ocrx_word' id='word_1_279' title='bbox 2086 3352 2234 3425; x_wconf 87' lang='lat' dir='ltr'><strong>orat,</strong></span> <span class='ocrx_word' id='word_1_280' title='bbox 2266 3345 2309 3410; x_wconf 86' lang='lat' dir='ltr'><strong>J</strong></span> <span class='ocrx_word' id='word_1_281' title='bbox 2310 3346 2575 3411; x_wconf 85' lang='lat' dir='ltr'><strong>ohannes</strong></span> <span class='ocrx_word' id='word_1_282' title='bbox 2602 3346 2757 3411; x_wconf 90' lang='lat' dir='ltr'><strong>mili-</strong></span> 
     </span>
     <span class='ocr_line' id='line_1_30' title="bbox 378 3430 2758 3531; baseline -0.002 -32"><span class='ocrx_word' id='word_1_283' title='bbox 378 3440 508 3499; x_wconf 85' lang='lat' dir='ltr'><strong>tum</strong></span> <span class='ocrx_word' id='word_1_284' title='bbox 558 3452 808 3498; x_wconf 87' lang='lat' dir='ltr'><strong>numero</strong></span> <span class='ocrx_word' id='word_1_285' title='bbox 855 3430 1108 3496; x_wconf 77' lang='lat' dir='ltr'><strong>inferior</strong></span> <span class='ocrx_word' id='word_1_286' title='bbox 1124 3430 1393 3531; x_wconf 84' lang='lat' dir='ltr'><strong>praelium</strong></span> <span class='ocrx_word' id='word_1_287' title='bbox 1436 3432 1776 3511; x_wconf 88' lang='lat' dir='ltr'><strong>committit,</strong></span> <span class='ocrx_word' id='word_1_288' title='bbox 1805 3431 2008 3498; x_wconf 89' lang='lat' dir='ltr'><strong>hostes</strong></span> <span class='ocrx_word' id='word_1_289' title='bbox 2048 3432 2269 3512; x_wconf 83' lang='lat' dir='ltr'><strong>fundit,</strong></span> <span class='ocrx_word' id='word_1_290' title='bbox 2298 3433 2489 3519; x_wconf 82' lang='lat' dir='ltr'><strong>fugat,</strong></span> <span class='ocrx_word' id='word_1_291' title='bbox 2520 3432 2758 3509; x_wconf 88' lang='lat' dir='ltr'><strong>occidit,</strong></span> 
     </span>
     <span class='ocr_line' id='line_1_31' title="bbox 377 3516 2917 3691; baseline -0.001 -19"><span class='ocrx_word' id='word_1_292' title='bbox 377 3516 1042 3672; x_wconf 56' lang='lat' dir='ltr'><strong>{fflmgggffiffl</strong></span> <span class='ocrx_word' id='word_1_293' title='bbox 1043 3516 1344 3669; x_wconf 37' lang='lat' dir='ltr'><strong>&amp;2¹1³ssqu</strong></span> <span class='ocrx_word' id='word_1_294' title='bbox 1345 3518 2172 3691; x_wconf 57' lang='lat' dir='ltr'><strong>fflffia.¹¹3¹¹03„3¹2{⁰33&#39;?.}{}</strong></span> <span class='ocrx_word' id='word_1_295' title='bbox 2201 3520 2751 3691; x_wconf 53' lang='lat' dir='ltr'><strong>ffifflffiffl</strong></span> <span class='ocrx_word' id='word_1_296' title='bbox 2779 3550 2917 3621; x_wconf 62' lang='lat'><strong>[⁹⁷³</strong></span> 
     </span>
     <span class='ocr_line' id='line_1_32' title="bbox 375 3690 2757 3777; baseline -0.002 -17"><span class='ocrx_word' id='word_1_297' title='bbox 375 3694 640 3759; x_wconf 83' lang='lat' dir='ltr'><strong>Lomnac</strong></span> <span class='ocrx_word' id='word_1_298' title='bbox 683 3715 780 3759; x_wconf 89' lang='lat' dir='ltr'><strong>am</strong></span> <span class='ocrx_word' id='word_1_299' title='bbox 805 3692 1100 3756; x_wconf 89' lang='lat' dir='ltr'><strong>transiens</strong></span> <span class='ocrx_word' id='word_1_300' title='bbox 1156 3690 1232 3756; x_wconf 88' lang='lat' dir='ltr'><strong>ad</strong></span> <span class='ocrx_word' id='word_1_301' title='bbox 1271 3690 1496 3757; x_wconf 85' lang='lat' dir='ltr'><strong>Parvas</strong></span> <span class='ocrx_word' id='word_1_302' title='bbox 1523 3690 1582 3756; x_wconf 88' lang='lat' dir='ltr'>N</span> <span class='ocrx_word' id='word_1_303' title='bbox 1589 3691 1847 3756; x_wconf 84' lang='lat' dir='ltr'><strong>undinas</strong></span> <span class='ocrx_word' id='word_1_304' title='bbox 1895 3693 1969 3775; x_wconf 78' lang='lat'><strong>(“·</strong></span> <span class='ocrx_word' id='word_1_305' title='bbox 1982 3691 2229 3757; x_wconf 84' lang='lat' dir='ltr'><strong>Eanach</strong></span> <span class='ocrx_word' id='word_1_306' title='bbox 2255 3691 2433 3777; x_wconf 85' lang='lat' dir='ltr'><strong>beg,”</strong></span> <span class='ocrx_word' id='word_1_307' title='bbox 2464 3692 2549 3757; x_wconf 82' lang='lat' dir='ltr'><strong>ita</strong></span> <span class='ocrx_word' id='word_1_308' title='bbox 2588 3690 2757 3756; x_wconf 87' lang='lat' dir='ltr'><strong>locus</strong></span> 
     </span>
     <span class='ocr_line' id='line_1_33' title="bbox 375 3776 2755 3863; baseline -0.002 -17"><span class='ocrx_word' id='word_1_309' title='bbox 375 3782 738 3860; x_wconf 87' lang='lat' dir='ltr'><strong>nominatur)</strong></span> <span class='ocrx_word' id='word_1_310' title='bbox 795 3777 1128 3863; x_wconf 69' lang='lat' dir='ltr'><strong>pervenit-12</strong></span> <span class='ocrx_word' id='word_1_311' title='bbox 1212 3776 1491 3843; x_wconf 86' lang='lat' dir='ltr'><strong>Ducebat</strong></span> <span class='ocrx_word' id='word_1_312' title='bbox 1526 3778 1760 3863; x_wconf 78' lang='lat' dir='ltr'><strong>Anglos</strong></span> <span class='ocrx_word' id='word_1_313' title='bbox 1815 3778 2035 3843; x_wconf 82' lang='lat' dir='ltr'><strong>milites</strong></span> <span class='ocrx_word' id='word_1_314' title='bbox 2115 3778 2453 3863; x_wconf 85' lang='lat' dir='ltr'><strong>uingentos,</strong></span> <span class='ocrx_word' id='word_1_315' title='bbox 2479 3776 2581 3842; x_wconf 90' lang='lat' dir='ltr'><strong>sed</strong></span> <span class='ocrx_word' id='word_1_316' title='bbox 2610 3777 2755 3842; x_wconf 88' lang='lat' dir='ltr'><strong>ube-</strong></span> 
     </span>
     <span class='ocr_line' id='line_1_34' title="bbox 373 3801 2765 4037; baseline -0.002 -17"><span class='ocrx_word' id='word_1_317' title='bbox 373 3870 570 4021; x_wconf 58' lang='lat' dir='ltr'><strong>{zzz}</strong></span> <span class='ocrx_word' id='word_1_318' title='bbox 579 3801 2333 4037; x_wconf 52' lang='lat' dir='ltr'><strong>sfflemwfflaffls</strong></span> <span class='ocrx_word' id='word_1_319' title='bbox 2350 3864 2765 4017; x_wconf 52' lang='lat' dir='ltr'><strong>{auhmis-</strong></span> 
     </span>
     <span class='ocr_line' id='line_1_35' title="bbox 376 3999 2757 4126; baseline -0.003 -18"><span class='ocrx_word' id='word_1_320' title='bbox 376 4042 612 4108; x_wconf 79' lang='lat' dir='ltr'><strong>obviam</strong></span> <span class='ocrx_word' id='word_1_321' title='bbox 639 4042 726 4107; x_wconf 89' lang='lat' dir='ltr'><strong>ire</strong></span> <span class='ocrx_word' id='word_1_322' title='bbox 752 4038 952 4126; x_wconf 86' lang='lat' dir='ltr'><strong>pergit</strong></span> <span class='ocrx_word' id='word_1_323' title='bbox 980 4037 1023 4102; x_wconf 87' lang='lat' dir='ltr'><strong>J</strong></span> <span class='ocrx_word' id='word_1_324' title='bbox 1023 4036 1306 4116; x_wconf 81' lang='lat' dir='ltr'><strong>ohannes,</strong></span> <span class='ocrx_word' id='word_1_325' title='bbox 1359 4037 1464 4123; x_wconf 88' lang='lat' dir='ltr'><strong>qui</strong></span> <span class='ocrx_word' id='word_1_326' title='bbox 1491 4058 1626 4103; x_wconf 88' lang='lat' dir='ltr'><strong>cum</strong></span> <span class='ocrx_word' id='word_1_327' title='bbox 1658 3999 1871 4123; x_wconf 83' lang='lat' dir='ltr'><strong>procul</strong></span> <span class='ocrx_word' id='word_1_328' title='bbox 1922 4038 2305 4118; x_wconf 89' lang='lat' dir='ltr'><strong>constitisset,</strong></span> <span class='ocrx_word' id='word_1_329' title='bbox 2336 4062 2411 4104; x_wconf 81' lang='lat' dir='ltr'><strong>ex</strong></span> <span class='ocrx_word' id='word_1_330' title='bbox 2438 4040 2567 4126; x_wconf 83' lang='lat' dir='ltr'><strong>ejus</strong></span> <span class='ocrx_word' id='word_1_331' title='bbox 2594 4058 2757 4102; x_wconf 83' lang='lat' dir='ltr'><strong>exer-</strong></span> 
     </span>
     <span class='ocr_line' id='line_1_36' title="bbox 373 4124 2757 4215; baseline -0.004 -19"><span class='ocrx_word' id='word_1_332' title='bbox 373 4131 498 4196; x_wconf 86' lang='lat' dir='ltr'><strong>citu</strong></span> <span class='ocrx_word' id='word_1_333' title='bbox 514 4128 691 4215; x_wconf 87' lang='lat' dir='ltr'><strong>pauci</strong></span> <span class='ocrx_word' id='word_1_334' title='bbox 708 4128 775 4192; x_wconf 91' lang='lat' dir='ltr'><strong>in</strong></span> <span class='ocrx_word' id='word_1_335' title='bbox 802 4125 1004 4190; x_wconf 85' lang='lat' dir='ltr'><strong>hostes</strong></span> <span class='ocrx_word' id='word_1_336' title='bbox 1029 4124 1420 4210; x_wconf 88' lang='lat' dir='ltr'><strong>incomposite</strong></span> <span class='ocrx_word' id='word_1_337' title='bbox 1447 4129 1763 4213; x_wconf 87' lang='lat' dir='ltr'><strong>proruunt,</strong></span> <span class='ocrx_word' id='word_1_338' title='bbox 1792 4145 2012 4210; x_wconf 87' lang='lat' dir='ltr'><strong>eosque</strong></span> <span class='ocrx_word' id='word_1_339' title='bbox 2037 4125 2105 4189; x_wconf 90' lang='lat' dir='ltr'><strong>in</strong></span> <span class='ocrx_word' id='word_1_340' title='bbox 2131 4126 2469 4211; x_wconf 86' lang='lat' dir='ltr'><strong>proximum</strong></span> <span class='ocrx_word' id='word_1_341' title='bbox 2498 4129 2757 4189; x_wconf 85' lang='lat' dir='ltr'><strong>castrum</strong></span> 
     </span>
     <span class='ocr_line' id='line_1_37' title="bbox 373 4210 2759 4385; baseline -0.004 -102"><span class='ocrx_word' id='word_1_342' title='bbox 373 4216 758 4304; x_wconf 88' lang='lat' dir='ltr'><strong>compellunt.</strong></span> <span class='ocrx_word' id='word_1_343' title='bbox 831 4211 1013 4277; x_wconf 91' lang='lat' dir='ltr'><strong>Unde</strong></span> <span class='ocrx_word' id='word_1_344' title='bbox 1077 4210 1228 4295; x_wconf 87' lang='lat' dir='ltr'><strong>regii</strong></span> <span class='ocrx_word' id='word_1_345' title='bbox 1275 4232 1482 4276; x_wconf 84' lang='lat' dir='ltr'><strong>rursus</strong></span> <span class='ocrx_word' id='word_1_346' title='bbox 1533 4218 1913 4385; x_wconf 57' lang='lat' dir='ltr'><strong>erumffi</strong></span> <span class='ocrx_word' id='word_1_347' title='bbox 1966 4210 2332 4278; x_wconf 88' lang='lat' dir='ltr'><strong>Catholicam</strong></span> <span class='ocrx_word' id='word_1_348' title='bbox 2396 4212 2759 4298; x_wconf 80' lang='lat' dir='ltr'><strong>paucitatem</strong></span> 
     </span>
    </p>
   </div>
   <div class='ocr_carea' id='block_1_3' title="bbox 371 4297 2759 4392">
    <p class='ocr_par' dir='ltr' id='par_1_3' title="bbox 371 4297 2759 4392">
     <span class='ocr_line' id='line_1_38' title="bbox 371 4297 2759 4392; baseline -0.005 -21"><span class='ocrx_word' id='word_1_349' title='bbox 371 4310 716 4392; x_wconf 88' lang='lat' dir='ltr'><strong>spernentes</strong></span> <span class='ocrx_word' id='word_1_350' title='bbox 743 4299 1021 4367; x_wconf 84' lang='lat' dir='ltr'><strong>audacter</strong></span> <span class='ocrx_word' id='word_1_351' title='bbox 1047 4298 1478 4385; x_wconf 82' lang='lat' dir='ltr'><strong>aggrediuntur</strong></span> <span class='ocrx_word' id='word_1_352' title='bbox 1525 4300 1679 4363; x_wconf 86' lang='lat' dir='ltr'><strong>etin</strong></span> <span class='ocrx_word' id='word_1_353' title='bbox 1941 4305 2203 4379; x_wconf 83' lang='lat' dir='ltr'><strong>vertunt,</strong></span> <span class='ocrx_word' id='word_1_354' title='bbox 2234 4299 2422 4364; x_wconf 88' lang='lat' dir='ltr'><strong>donec</strong></span> <span class='ocrx_word' id='word_1_355' title='bbox 2451 4297 2494 4362; x_wconf 86' lang='lat' dir='ltr'><strong>J</strong></span> <span class='ocrx_word' id='word_1_356' title='bbox 2494 4298 2759 4363; x_wconf 87' lang='lat' dir='ltr'><strong>ohannes</strong></span> 
     </span>
    </p>
   </div>
   <div class='ocr_carea' id='block_1_4' title="bbox 439 4477 2765 4625">
    <p class='ocr_par' dir='ltr' id='par_1_4' title="bbox 439 4477 2765 4625">
     <span class='ocr_line' id='line_1_39' title="bbox 440 4477 2507 4542; baseline -0.003 -3"><span class='ocrx_word' id='word_1_357' title='bbox 440 4496 465 4523; x_wconf 79' lang='grc'><em>·</em></span> <span class='ocrx_word' id='word_1_358' title='bbox 503 4488 573 4542; x_wconf 87' lang='grc' dir='ltr'><strong>Α.</strong></span> <span class='ocrx_word' id='word_1_359' title='bbox 600 4483 676 4538; x_wconf 90' lang='lat' dir='ltr'><strong>D.</strong></span> <span class='ocrx_word' id='word_1_360' title='bbox 709 4478 1325 4540; x_wconf 73' lang='lat' dir='ltr'><strong>1579.-O&#39;Donovan&#39;s</strong></span> <span class='ocrx_word' id='word_1_361' title='bbox 1351 4477 1508 4535; x_wconf 82' lang='lat' dir='ltr'><strong>Four</strong></span> <span class='ocrx_word' id='word_1_362' title='bbox 1543 4478 1802 4540; x_wconf 84' lang='lat' dir='ltr'><strong>Masters,</strong></span> <span class='ocrx_word' id='word_1_363' title='bbox 1832 4480 1989 4537; x_wconf 90' lang='grc'><strong>1717.</strong></span> <span class='ocrx_word' id='word_1_364' title='bbox 2066 4478 2283 4535; x_wconf 83' lang='lat' dir='ltr'><strong>Moore.</strong></span> <span class='ocrx_word' id='word_1_365' title='bbox 2316 4478 2389 4533; x_wconf 85' lang='lat' dir='ltr'><strong>iv.</strong></span> <span class='ocrx_word' id='word_1_366' title='bbox 2415 4483 2507 4533; x_wconf 85' lang='grc'><strong>88.</strong></span> 
     </span>
     <span class='ocr_line' id='line_1_40' title="bbox 439 4548 2765 4625; baseline -0.003 -13"><span class='ocrx_word' id='word_1_367' title='bbox 439 4570 477 4625; x_wconf 82' lang='lat'><em>†</em></span> <span class='ocrx_word' id='word_1_368' title='bbox 513 4559 584 4613; x_wconf 86' lang='lat' dir='ltr'><strong>A.</strong></span> <span class='ocrx_word' id='word_1_369' title='bbox 613 4556 686 4611; x_wconf 89' lang='lat' dir='ltr'><strong>D.</strong></span> <span class='ocrx_word' id='word_1_370' title='bbox 719 4550 1101 4611; x_wconf 81' lang='lat' dir='ltr'><strong>1579.-Gort</strong></span> <span class='ocrx_word' id='word_1_371' title='bbox 1145 4567 1220 4604; x_wconf 81' lang='lat' dir='ltr'><strong>na</strong></span> <span class='ocrx_word' id='word_1_372' title='bbox 1242 4548 1513 4612; x_wconf 64' lang='lat' dir='ltr'><strong>Tim-ad,</strong></span> <span class='ocrx_word' id='word_1_373' title='bbox 1537 4548 1594 4602; x_wconf 88' lang='lat' dir='ltr'><strong>in</strong></span> <span class='ocrx_word' id='word_1_374' title='bbox 1617 4549 1712 4603; x_wconf 87' lang='lat' dir='ltr'><strong>the</strong></span> <span class='ocrx_word' id='word_1_375' title='bbox 1735 4550 1921 4619; x_wconf 74' lang='lat' dir='ltr'><strong>par-ish</strong></span> <span class='ocrx_word' id='word_1_376' title='bbox 1946 4549 2013 4604; x_wconf 85' lang='lat' dir='ltr'><strong>of</strong></span> <span class='ocrx_word' id='word_1_377' title='bbox 2039 4548 2477 4622; x_wconf 82' lang='lat' dir='ltr'><strong>Killagholcane,</strong></span> <span class='ocrx_word' id='word_1_378' title='bbox 2498 4550 2661 4605; x_wconf 84' lang='lat' dir='ltr'><strong>south</strong></span> <span class='ocrx_word' id='word_1_379' title='bbox 2698 4551 2765 4606; x_wconf 85' lang='lat' dir='ltr'><strong>of</strong></span> 
     </span>
    </p>
   </div>
   <div class='ocr_carea' id='block_1_5' title="bbox 375 4621 2755 4769">
    <p class='ocr_par' dir='ltr' id='par_1_5' title="bbox 375 4621 2755 4769">
     <span class='ocr_line' id='line_1_41' title="bbox 375 4621 1453 4747; baseline -0.011 -61"><span class='ocrx_word' id='word_1_380' title='bbox 375 4626 670 4685; x_wconf 83' lang='lat' dir='ltr'><strong>Limerick.</strong></span> <span class='ocrx_word' id='word_1_381' title='bbox 747 4622 904 4679; x_wconf 79' lang='lat' dir='ltr'><strong>Four</strong></span> <span class='ocrx_word' id='word_1_382' title='bbox 923 4622 1183 4685; x_wconf 83' lang='lat' dir='ltr'><strong>Masters,</strong></span> <span class='ocrx_word' id='word_1_383' title='bbox 1207 4638 1263 4747; x_wconf 46' lang='grc' dir='ltr'><strong>ἵ)</strong></span> <span class='ocrx_word' id='word_1_384' title='bbox 1296 4621 1453 4680; x_wconf 86' lang='grc'><strong>1719.</strong></span> 
     </span>
     <span class='ocr_line' id='line_1_42' title="bbox 443 4690 2755 4769; baseline -0.003 -15"><span class='ocrx_word' id='word_1_385' title='bbox 443 4706 474 4769; x_wconf 83' lang='lat'>‡</span> <span class='ocrx_word' id='word_1_386' title='bbox 511 4701 582 4754; x_wconf 79' lang='lat' dir='ltr'><strong>A.</strong></span> <span class='ocrx_word' id='word_1_387' title='bbox 607 4698 683 4751; x_wconf 87' lang='lat' dir='ltr'><strong>D.</strong></span> <span class='ocrx_word' id='word_1_388' title='bbox 715 4693 1178 4753; x_wconf 81' lang='lat' dir='ltr'><strong>1579.-Eanach</strong></span> <span class='ocrx_word' id='word_1_389' title='bbox 1257 4692 1346 4765; x_wconf 87' lang='lat' dir='ltr'><strong>eig</strong></span> <span class='ocrx_word' id='word_1_390' title='bbox 1383 4691 1802 4753; x_wconf 82' lang='lat' dir='ltr'><strong>manisterenna,</strong></span> <span class='ocrx_word' id='word_1_391' title='bbox 1824 4690 1931 4745; x_wconf 81' lang='lat' dir='ltr'><strong>five</strong></span> <span class='ocrx_word' id='word_1_392' title='bbox 1954 4690 2109 4745; x_wconf 86' lang='lat' dir='ltr'><strong>miles</strong></span> <span class='ocrx_word' id='word_1_393' title='bbox 2126 4691 2450 4746; x_wconf 77' lang='lat' dir='ltr'><strong>north-west</strong></span> <span class='ocrx_word' id='word_1_394' title='bbox 2474 4692 2540 4746; x_wconf 81' lang='lat' dir='ltr'><strong>of</strong></span> <span class='ocrx_word' id='word_1_395' title='bbox 2570 4692 2755 4756; x_wconf 80' lang='lat' dir='ltr'><strong>Bruff,</strong></span> 
     </span>
    </p>
   </div>
   <div class='ocr_carea' id='block_1_6' title="bbox 375 4762 2750 4907">
    <p class='ocr_par' dir='ltr' id='par_1_6' title="bbox 375 4762 2750 4907">
     <span class='ocr_line' id='line_1_43' title="bbox 375 4762 2750 4843; baseline -0.003 -17"><span class='ocrx_word' id='word_1_396' title='bbox 375 4792 428 4843; x_wconf 85' lang='lat' dir='ltr'><strong>p.</strong></span> <span class='ocrx_word' id='word_1_397' title='bbox 458 4772 612 4830; x_wconf 82' lang='grc'><strong>1721.</strong></span> <span class='ocrx_word' id='word_1_398' title='bbox 660 4767 766 4821; x_wconf 92' lang='lat' dir='ltr'><strong>Dr.</strong></span> <span class='ocrx_word' id='word_1_399' title='bbox 789 4765 951 4818; x_wconf 84' lang='lat' dir='ltr'><strong>Allen</strong></span> <span class='ocrx_word' id='word_1_400' title='bbox 978 4782 1088 4819; x_wconf 82' lang='lat' dir='ltr'><strong>was</strong></span> <span class='ocrx_word' id='word_1_401' title='bbox 1109 4765 1280 4819; x_wconf 86' lang='lat' dir='ltr'><strong>killed</strong></span> <span class='ocrx_word' id='word_1_402' title='bbox 1297 4764 1352 4818; x_wconf 89' lang='lat' dir='ltr'><strong>in</strong></span> <span class='ocrx_word' id='word_1_403' title='bbox 1369 4763 1478 4817; x_wconf 81' lang='lat' dir='ltr'><strong>this</strong></span> <span class='ocrx_word' id='word_1_404' title='bbox 1490 4762 1680 4825; x_wconf 82' lang='lat' dir='ltr'><strong>battle,</strong></span> <span class='ocrx_word' id='word_1_405' title='bbox 1694 4762 1991 4834; x_wconf 79' lang='lat' dir='ltr'><strong>according</strong></span> <span class='ocrx_word' id='word_1_406' title='bbox 2017 4771 2074 4815; x_wconf 86' lang='lat' dir='ltr'><strong>to</strong></span> <span class='ocrx_word' id='word_1_407' title='bbox 2097 4762 2195 4816; x_wconf 87' lang='lat' dir='ltr'><strong>the</strong></span> <span class='ocrx_word' id='word_1_408' title='bbox 2212 4762 2448 4836; x_wconf 83' lang='lat' dir='ltr'><strong>English</strong></span> <span class='ocrx_word' id='word_1_409' title='bbox 2471 4770 2750 4819; x_wconf 82' lang='lat' dir='ltr'><strong>accounts.</strong></span> 
     </span>
     <span class='ocr_line' id='line_1_44' title="bbox 378 4832 2231 4907; baseline -0.006 -8"><span class='ocrx_word' id='word_1_410' title='bbox 378 4842 496 4899; x_wconf 89' lang='lat' dir='ltr'><strong>Our</strong></span> <span class='ocrx_word' id='word_1_411' title='bbox 521 4838 719 4896; x_wconf 84' lang='lat' dir='ltr'><strong>author</strong></span> <span class='ocrx_word' id='word_1_412' title='bbox 746 4836 872 4891; x_wconf 81' lang='lat' dir='ltr'><strong>does</strong></span> <span class='ocrx_word' id='word_1_413' title='bbox 895 4842 992 4890; x_wconf 86' lang='lat' dir='ltr'><strong>not</strong></span> <span class='ocrx_word' id='word_1_414' title='bbox 1009 4838 1248 4892; x_wconf 85' lang='lat' dir='ltr'><strong>mention</strong></span> <span class='ocrx_word' id='word_1_415' title='bbox 1272 4835 1384 4890; x_wconf 87' lang='lat' dir='ltr'><strong>him</strong></span> <span class='ocrx_word' id='word_1_416' title='bbox 1408 4834 1465 4889; x_wconf 90' lang='lat' dir='ltr'><strong>in</strong></span> <span class='ocrx_word' id='word_1_417' title='bbox 1491 4852 1594 4907; x_wconf 79' lang='lat' dir='ltr'><strong>any</strong></span> <span class='ocrx_word' id='word_1_418' title='bbox 1619 4840 1746 4905; x_wconf 81' lang='lat' dir='ltr'><strong>part</strong></span> <span class='ocrx_word' id='word_1_419' title='bbox 1769 4832 1835 4888; x_wconf 82' lang='lat' dir='ltr'><strong>of</strong></span> <span class='ocrx_word' id='word_1_420' title='bbox 1870 4834 1979 4888; x_wconf 83' lang='lat' dir='ltr'><strong>this</strong></span> <span class='ocrx_word' id='word_1_421' title='bbox 2003 4832 2231 4905; x_wconf 79' lang='lat' dir='ltr'><strong>history.</strong></span> 
     </span>
    </p>
   </div>
   <div class='ocr_carea' id='block_1_7' title="bbox 3607 4638 3610 5209">
    <p class='ocr_par' dir='ltr' id='par_1_7' title="bbox 3607 4638 3610 5209">
     <span class='ocr_line' id='line_1_45' title="bbox 3607 4638 3610 5209; baseline 0 0"><span class='ocrx_word' id='word_1_422' title='bbox 3607 4638 3610 5209; x_wconf 95' lang='lat' dir='ltr'><strong> </strong></span> 
     </span>
    </p>
   </div>
  </div>
 </body>
</html>
