3634 5842
425 813 560 859 car.
607 792 732 877 x1.]
1084 812 1168 857 nn
1211 810 1410 857 sunto
1453 810 1819 862 Qumnncm
1862 812 2197 858 anonim.
2685 795 2804 859 167

423 967 588 1045 dant,
639 968 692 1031 Sc
719 986 825 1052 per
871 963 1114 1030 alteram
1160 970 1388 1050 partem
1429 964 1988 1051 impedimentorum
2036 964 2321 1051 pellentes
2364 963 2587 1049 agmini
2618 967 2809 1051 primo

421 1054 692 1119 miscent.
784 1052 881 1117 Ita
925 1057 1092 1116 totus
1137 1052 1429 1117 exercitus
1477 1052 1739 1132 turbato,
1793 1053 2161 1137 confusoque
2214 1050 2484 1116 tumultu
2540 1059 2812 1137 penetrat

421 1139 662 1240 vadum,
690 1138 898 1205 relicto
925 1146 1276 1237 commeatu,
1291 1139 1362 1237 ,ἃ
1391 1140 1555 1205 omni
1601 1138 2047 1239 impedimento,
2078 1140 2247 1225 equis
2274 1144 2512 1238 tantum
2542 1140 2807 1219 servatis,

421 1247 1156 1398 §.fflffifflfuaeassssffis
1197 1222 2556 1405 ῗὲέἷῖἓαξῗῗέἐ,ἱοὲἷὲἒεῖἳέῃὲἕὲἒεῖἶῗῃἕέἒζ
2575 1226 2811 1399 Ϋΐοῗε

419 1400 705 1465 amissum
733 1410 1126 1465 commeatum
1155 1421 1359 1465 omnes
1387 1399 1587 1465 inedia
1601 1401 1917 1466 vincantur
1933 1399 2060 1485 pari
2078 1400 2203 1465 fato
2232 1420 2369 1465 cum
2400 1398 2811 1465 Iniskellinnae

423 1530 428 1537 -
465 1485 986 1573 repugnatoribus,
1016 1484 1236 1571 quibus
1257 1486 1539 1571 opitulari
1565 1509 1688 1552 non
1731 1493 2027 1573 poterant.
2116 1486 2341 1552 Contra
2367 1492 2810 1552 castrametator

475 1574 592 1653 ool,
625 1573 785 1658 quod
811 1592 1032 1638 nomen
1085 1572 1339 1637 stultum
1381 1573 1694 1659 significat,
1741 1572 1924 1639 stulte
1953 1573 2248 1651 reclamat,
2282 1574 2333 1638 8⁶
2362 1572 2714 1653 obtestatur,
2743 1580 2810 1639 vt

423 1660 547 1725 arci
599 1661 822 1747 reginae
871 1665 1238 1725 succurrant.
1326 1658 1547 1739 Locus,
1576 1661 1642 1724 in
1671 1682 1792 1745 quo
1820 1661 2167 1726 Protestans
2210 1660 2575 1739 constiterat,
2614 1661 2809 1725 humi·

421 1747 610 1813 ditate
637 1748 721 1812 im
835 1747 958 1811 itus
987 1752 1133 1825 erat,
1162 1745 1267 1811 vbi
1285 1747 1425 1832 equi
1444 1747 1510 1811 in
1537 1746 1829 1833 uliginem
1849 1747 2046 1813 hausti
2067 1747 2204 1811 usui
2224 1768 2353 1811 esse
2368 1768 2492 1811 non
2590 1753 2806 1813 terant.

426 1832 574 1898 Ideo
623 1834 662 1898 a
759 1834 1033 1899 atholicis
1080 1833 1272 1919 magis
1313 1834 1396 1898 im
1439 1832 1560 1898 une
1609 1833 1935 1899 missilibus
1984 1834 2300 1901 sauciatur.
2388 1831 2485 1898 Ob
2558 1857 2631 1900 oc
2658 1834 2809 1900 Fool

423 1919 576 1985 alam
606 1920 1093 2007 scloperariorum
1137 1926 1345 1985 contra
1393 1855 1734 1987 Catholicos
1762 1921 2060 2006 producit,
2088 1928 2157 1985 vt
2184 1942 2285 1985 eos
2313 1928 2630 1999 removeat,
2660 1920 2807 1986 dum

422 2028 626 2072 rursus
656 2007 947 2073 exercitus
973 2030 1079 2093 per
1122 2006 1358 2072 ordines
1407 2014 1823 2093 componatur.
1911 2007 2206 2074 Caeterum
2236 2005 2355 2072 cito
2384 2028 2547 2093 caepo
2577 2008 2807 2073 destitit

421 2094 658 2180 tragula
683 2094 983 2181 trajectus,
1015 2096 1068 2158 δι
1097 2093 1385 2176 occisus„
1478 2093 1618 2165 Quo
1646 2101 1811 2159 totus
1839 2094 2304 2160 Protestantium
2343 2094 2635 2160 exercitus
2664 2117 3009 2192 0011-[133.]

424 2189 717 2246 sternatus
764 2181 1008 2246 desertis
1054 2182 1234 2265 etiam
1283 2180 1451 2266 equis
1501 2180 1626 2247 ullo
1671 2182 1799 2247 sine
1842 2181 2067 2261 ordine,
2101 2181 2425 2266 &imperio
2470 2181 2545 2246 ad
2587 2181 2805 2246 vadum

425 2268 586 2352 quod
636 2274 774 2333 ante
803 2267 982 2354 paulo
1028 2269 1357 2355 trajecerat,
1406 2270 1743 2333 revertitur.
1834 2267 1974 2339 Quo
2017 2267 2365 2418 prohibetur
2409 2268 2447 2331 a
2487 2268 2811 2335 Catholicis

423 2354 922 2433 fulminatoribus,
954 2356 1059 2441 qui
1085 2356 1302 2441 partim
1344 2355 1766 2441 impedimenta
1810 2354 2016 2439 diripie
2060 2362 2181 2434 ant,
2211 2355 2427 2441 partim
2458 2356 2673 2420 vadum
2706 2356 2811 2420 ob-

424 2441 714 2507 sidebant.
800 2440 979 2507 Vnde
1031 2440 1267 2522 dubius,
1321 2441 1467 2527 quid
1524 2444 1901 2528 potissimum
1948 2442 2177 2507 consilii
2226 2448 2478 2528 caperet,
2523 2442 2601 2507 ad
2649 2441 2810 2508 aliud

429 2529 746 2615 angustius
792 2528 1030 2607 vadum,
1063 2528 1226 2614 quod
1275 2550 1458 2613 supra
1483 2529 1549 2593 in
1575 2529 1824 2595 flumine
1852 2528 2009 2593 intra
2037 2529 2269 2613 sagittae
2297 2529 2545 2611 missum
2576 2530 2809 2615 conspi-

427 2624 614 2693 catur,
647 2614 943 2679 concitato
993 2636 1172 2678 cursu
1224 2637 1350 2679 sese
1400 2616 1650 2694 confert,
1683 2616 1735 2679 8⁶
1761 2615 1828 2680 in
1856 2613 2009 2679 illud
2057 2615 2387 2700 praecipitat
2415 2617 2599 2701 prius,
2632 2638 2811 2701 quam

426 2702 544 2765 fuit
571 2701 610 2764 a
637 2700 958 2765 Catholicis
979 2707 1354 2786 occupatum.
1445 2700 1586 2772 Qua
1614 2700 1752 2765 verb
1783 2699 2100 2779 celeritate,
2134 2702 2186 2765 a
2215 2700 2604 2786 trepidatione
2632 2725 2811 2786 pene-

427 2786 641 2865 trabat,
676 2788 728 2851 &
755 2786 976 2851 vadum
1025 2796 1152 2851 erat
1197 2785 1533 2865 altitudine,
1587 2794 1829 2853 centum
1880 2786 2112 2851 circiter
2160 2786 2377 2852 milites
2420 2786 2809 2867 subruuntur,

427 2894 687 2961 quorum
717 2895 894 2959 super
921 2895 1168 2959 corpora
1194 2873 1390 2939 caeteri
1418 2882 1748 2941 transeunt.
1836 2874 2273 2939 Protestantem
2298 2896 2373 2939 ex
2389 2872 2622 2939 Ibernis
2639 2877 2815 2960 pauci

427 2968 779 3045 sequuntur,
811 2980 1065 3047 quorum
1094 2960 1194 3026 ille
1243 2960 1601 3047 paucitatem
1649 2981 1935 3047 spernens
1984 2961 2257 3027 consistit
2303 2981 2637 3047 parumper,
2669 2961 2815 3026 dum

373 3050 390 3059 ”
428 3047 647 3114 Dukus
675 3046 918 3133 Anglici
968 3047 1258 3113 exercitus
1299 3047 1619 3132 imperator
1645 3070 1780 3113 cum
1811 3046 1943 3112 aliis
1970 3047 2303 3113 cohortium
2334 3047 2585 3113 ducibus
2614 3050 2812 3127 armiS,

431 3136 482 3199 u
510 3134 775 3201 vestibus
801 3140 1016 3221 praeter
1043 3132 1398 3201 subuculam
1439 3136 1694 3201 exuitur.
1784 3131 2024 3205 Quibus
2066 3141 2267 3201 tamen
2295 3136 2489 3201 exutis
2516 3158 2640 3201 non
2670 3136 2813 3201 satis

428 3219 678 3301 levatus,
707 3244 818 3287 nec
847 3229 1023 3307 aptus
1069 3221 1360 3287 currendo
1406 3222 1562 3287 inter
1649 3226 1870 3287 uatuor
1914 3218 2166 3287 Ibernos
2193 3222 2413 3288 milites
2440 3246 2515 3289 ex
2543 3223 2668 3287 suis
2693 3230 2814 3289 tra-

431 3308 616 3374 hitur.
703 3308 1030 3395 Fugientes
1060 3310 1112 3373 &
1140 3308 1388 3393 pavidos
1436 3308 1628 3375 Catho
1655 3308 1727 3375 ‘ci
1775 3330 1852 3373 ex
1901 3307 2177 3375 manibus
2207 3309 2579 3389 dimiserunt,
2610 3309 2813 3397 diripi-

429 3395 598 3461 endis
625 3395 1062 3482 impedimentis
1091 3397 1354 3461 animum
1402 3395 1798 3463 intendentes.
1885 3394 2050 3461 Nam
2078 3396 2253 3484 pauci
2281 3397 2384 3482 qui
2411 3397 2569 3463 ultra
2596 3397 2816 3463 vadum

426 3482 668 3548 fuerunt
695 3483 884 3547 secuti
931 3482 1136 3549 statim
1175 3483 1534 3549 rediverunt.
1623 3482 1720 3549 Ob
1753 3482 1916 3569 quod
1965 3506 2039 3549 ex
2079 3483 2547 3570 protestantibus
2575 3484 2815 3569 Anglis,

427 3570 480 3634 ἃ
510 3568 831 3636 Catholicis
879 3568 1132 3648 Ibernis,
1163 3570 1269 3654 qui
1297 3592 1434 3635 cum
1483 3570 1602 3636 illis
1647 3568 2012 3655 stipendium
2061 3570 2388 3650 merebant,
2431 3570 2607 3656 pauci
2634 3592 2817 3656 supra

423 3656 890 3742 quadringentos
915 3656 1182 3735 flumine,
1211 3657 1484 3742 ferroque
1609 3658 1857 3722 rierunt.
1944 3656 2129 3743 Equi,
2158 3678 2377 3742 magna
2402 3667 2594 3722 strues
2622 3678 2815 3721 armo-

423 3764 578 3823 rum,
631 3749 1015 3821 commeatus,
1048 3744 1100 3809 ἃ
1129 3744 1330 3809 omnia
1376 3744 1536 3830 impe
1577 3744 1803 3809 imenta
1852 3749 2025 3829 capta
2074 3750 2236 3809 sunt.
2326 3742 2496 3809 Inter
2545 3766 2678 3829 quae
2722 3743 2817 3808 vis

428 3829 826 3895 biscoctorum
931 3851 1079 3895 num
1105 3830 1318 3913 ingens
1345 3830 1570 3917 inipso
1599 3829 1752 3896 vado
1781 3836 1967 3897 strata
1993 3828 2125 3895 loco
2154 3851 2381 3895 novum
2408 3850 2627 3895 nomen
2666 3830 2817 3895 Beal

429 3938 507 3981 an
535 3917 644 3983 tha
685 3940 852 3983 nam-
896 3916 1040 4002 risgi
1085 3915 1320 3982 indidit.
1423 3916 1741 3983 Exercitus
1785 3917 1935 4003 regii
1979 3916 2121 3997 fusi,
2174 3918 2227 3981 St
2266 3915 2461 4001 fugati
2508 3914 2815 4003 divulgato

431 4004 654 4071 nuncio
683 4002 1079 4069 Iniskellinna
1105 4024 1210 4067 arx
1238 4002 1314 4068 ab
1343 4001 1678 4069 O’Donello
1721 4002 2105 4069 circumsessa
2131 4003 2197 4068 in
2240 4003 2601 4069 deditionem
2628 4004 2813 4083 venit,

434 4088 977 4178 propugnatoribus
1006 4112 1080 4155 ex
1107 4094 1282 4175 pacto
1329 4088 1604 4170 dimissis,
1637 4092 1689 4155 8⁵
1717 4088 1861 4157 Mac
1889 4089 2077 4155 Guier
2102 4090 2286 4156 estin
2315 4091 2619 4176 integrum
2644 4090 2816 4155 resti-

433 4184 623 4242 tutus.

521 4264 663 4331 Mac
692 4264 980 4330 Suinnius
1006 4262 1298 4329 Tuethius
1325 4285 1479 4329 vnus
1528 4285 1601 4328 ex
1645 4262 1997 4329 authoribus
2043 4261 2207 4344 belli,
2251 4262 2356 4349 qm·
2404 4260 2701 4329 obsidioni
2726 4262 2817 4333 in·

437 4352 660 4431 terfuit,
692 4351 856 4417 brevi
885 4358 1024 4437 post
1049 4357 1345 4437 receptam
1397 4372 1586 4415 arcem
1617 4357 1847 4417 naturae
1888 4350 2102 4417 cedens
2128 4351 2301 4415 triste
2343 4350 2437 4414 sui
2467 4348 2821 4415 desiderium

439 4436 758 4503 Catholicis
785 4438 1064 4524 reliquit:
1111 4438 1177 4502 in
1205 4438 1376 4502 cuius
1417 4435 1618 4502 locum
1659 4438 1944 4503 suffectus
1972 4445 2065 4501 est
2090 4435 2445 4502 Melmurius
2475 4434 2617 4501 Mac
2646 4436 2824 4501 Suin-

438 4523 574 4589 nius
604 4524 805 4589 Mauri
833 4524 1059 4590 Lenti*
1091 4524 1258 4608 (Mac
1279 4523 1570 4590 Muracha
1598 4524 1670 4587 M
1699 4523 1915 4608 bhuill)
1942 4522 2099 4588 filius
2120 4520 2474 4588 antecessori
2490 4524 2827 4589 constant-ia

439 4610 684 4675 minime
712 4633 837 4697 par,
866 4618 933 4675 vt
959 4611 1204 4677 inferius
1249 4608 1574 4697 apparebit.
1661 4609 1993 4675 Obsidione
2021 4609 2217 4674 soluta
2259 4608 2672 4675 O’Donnellus
2700 4632 2822 4677 me-

441 4716 571 4761 mor
597 4698 993 4779 truculentiae,
1025 4700 1146 4784 qua
1174 4697 1462 4775 foeminas,
1514 4716 1703 4775 senes,
1736 4698 1788 4762 δι
1817 4698 2075 4761 infantes
2105 4718 2177 4761 ex
2208 4696 2614 4763 Iniskellinnoe
2642 4706 2825 4786 ponte

514 4864 548 4898 θ
582 4858 830 4931 January
855 4865 944 4927 26,
973 4865 1125 4917 1596.
1201 4864 1348 4919 Four
1372 4863 1626 4928 Manere,
1650 4881 1702 4933 p.
1736 4864 1888 4921 1997.
