3634 5842
391 770 529 817 οη.
575 750 712 835 xva]
1163 772 1446 821 mmm
1489 772 1608 819 sus
1652 771 2047 821 meamea
2172 816 2179 825 ,
2656 758 2780 821 119

383 924 559 1011 juxta
613 924 1014 993 Lismorems*
1099 924 1406 991 «Iohannes
1461 924 1829 1005 flii-aldinus,
1890 925 1995 1010 qui
2052 925 2409 992 seneschalis
2452 926 2778 1008 dicebatur,

389 1033 571 1097 eques
599 1012 818 1079 nobilis
839 1014 1128 1079 minorem
1156 1013 1430 1101 peditum
1455 1031 1771 1081 numerum
1793 1012 2017 1078 ducens
2042 1011 2343 1099 lapidibus
2366 1013 2585 1080 obruit.

474 1099 536 1162 A
583 1100 726 1167 Mac
777 1099 1005 1165 Morise
1059 1099 1346 1165 Lacenaee
1380 1098 1602 1168 barone
1630 1122 1760 1167 sex⁴
1823 1120 2026 1165 ueros,
2048 1098 2281 1167 nobiles
2329 1101 2644 1168 haereticus
2674 1102 2779 1167 ob-

391 1185 548 1251 sides
607 1194 950 1267 extorserat,
1007 1194 1070 1252 et
1097 1188 1384 1272 concepta
1413 1186 1487 1251 de
1531 1210 1606 1253 eo
1631 1122 1971 1253 rebellionis
2002 1188 2339 1273 suspicione
2368 1189 2778 1275 suspenderat.

390 1272 490 1337 Ob
515 1272 580 1337 id
612 1273 756 1339 Mac
784 1274 974 1339 Moris
1002 1274 1091 1341 ira
1117 1274 1377 1358 percitus
1405 1274 1696 1360 Anglieas
1720 1273 1991 1342 cohortes
2014 1281 2291 1359 quatuor,
2318 1274 2445 1339 una
2460 1298 2602 1341 cum
2628 1276 2781 1341 duce

389 1359 662 1426 Achamo
679 1360 758 1427 ad
775 1360 1062 1447 oppidum
1079 1361 1321 1425 nomine
1353 1360 1750 1439 Ardfeartam,
1772 1360 1839 1426 id
1861 1366 1971 1439 est,
2001 1360 2329 1426 Tumulum
2353 1362 2779 1428 miraculorum

385 1448 858 1519 circumveniens„
881 1447 1261 1521 obtruncat.†
1357 1446 1520 1530 nSub
1566 1447 1722 1513 hanc
1749 1447 2137 1517 victoriarum
2157 1449 2609 1535 prosperitatem
2653 1450 2779 1520 alea
2802 1459 2949 1527 [98.]

387 1533 614 1686 falll)acis
663 1534 922 1601 fortunae
965 1535 1208 1601 alteram
1237 1534 1518 1620 paginam
1565 1534 1686 1601 cito
1713 1534 1911 1613 vertit,
1944 1534 2390 1600 Giraldinorum
2417 1535 2779 1601 faelicitatem

389 1642 464 1685 su
506 1626 764 1689 vertens,

475 1706 518 1771 J
518 1708 708 1773 aimus
767 1706 1114 1773 Giraldinus
1158 1707 1391 1773 comitis
1419 1708 1600 1773 frater
1647 1707 1835 1772 veteri
1861 1706 2175 1772 inimicitia
2202 1706 2529 1773 Museriam
2559 1708 2781 1796 deprae-

389 1794 569 1861 dandi
620 1796 801 1861 causa
857 1795 1162 1879 ingressus
1190 1817 1226 1860 a
1253 1794 1538 1862 Gormaco
1569 1794 1710 1861 Mac
1739 1794 1983 1874 Carrhfi,
2013 1793 2299 1859 Thaddaei
2326 1794 2468 1874 filio,
2500 1796 2783 1862 Muscriae

385 1881 654 1967 principe
711 1887 922 1968 captus
981 1886 1043 1946 et
1099 1880 1176 1949 ad
1235 1880 1474 1966 Anglos
1531 1880 1895 1947 Corcacham
1952 1882 2169 1947 missus
2212 1888 2403 1947 morte
2431 1882 2797 1969 plectitur.‡·

389 1968 565 2033 Alius
587 1968 631 2035 J
632 1969 822 2033 aimus
845 1966 1192 2034 Giraldinus
1221 1966 1264 2031 J
1265 1968 1517 2035 ohannis
1565 1968 1726 2035 filius
1775 1968 2031 2048 comitis,
2058 1968 2365 2055 patruelis,
2410 1992 2447 2033 a
2474 1970 2781 2035 Bcrnardo

385 2054 682 2121 O'Briene
709 2055 910 2140 equite
960 2054 1203 2134 Iberno,
1262 2055 1329 2119 in
1387 2055 1647 2141 quodam
1705 2078 2005 2121 concursu
2044 2054 2399 2143 occiditur§.
2492 2057 2779 2123 Giraldus

388 2162 586 2208 comes
659 2142 802 2208 Mac
873 2141 1111 2209 Carrhae
1184 2141 1398 2228 Magni
1473 2142 1730 2209 ditiones
1807 2142 2121 2207 devastans
2206 2164 2347 2209 cum
2418 2142 2784 2209 consedisset

389 2228 694 2297 Achadoae
751 2250 891 2295 cum
948 2229 1173 2315 paucis,
1227 2229 1374 2295 dum
1430 2230 1559 2316 ejus
1615 2230 1796 2296 frater
1854 2229 1899 2293 J
1899 2230 2164 2295 ohannes
2220 2230 2593 2297 incursiones
2618 2231 2781 2311 facit,

389 2314 624 2381 Suchus
653 2315 892 2402 Anglus
921 2338 996 2381 ex
1023 2315 1352 2402 Dangujna
1377 2318 1598 2403 oppido
1619 2338 1969 2411 progressus
1985 2338 2121 2382 curn
2142 2317 2445 2403 equitibus
2476 2318 2785 2403 sexaginta

387 2408 451 2479 et
477 2403 742 2488 peditum
773 2403 1016 2469 cohorte
1046 2404 1148 2489 qui
1197 2402 1726 2489 subsequebantur,
1757 2404 2033 2469 comitem
2062 2424 2137 2469 ex
2164 2404 2484 2489 improviso
2532 2406 2785 2470 circum-

385 2489 554 2555 venit
580 2494 643 2555 et
669 2488 824 2555 aedes
851 2489 1155 2555 immuniti
1181 2490 1388 2575 oppidi
1416 2490 1806 2569 circumdans,
1840 2490 2254 2556 Maelmarium
2272 2490 2413 2557 Mac
2444 2492 2784 2571 Suinnium,

385 2575 700 2641 tribunum
756 2574 1016 2639 militum
1057 2575 1426 2644 Thaddaeum
1475 2577 1617 2643 Mac
1645 2576 1929 2643 Carrham
1960 2577 2365 2661 Cosmanguse
2392 2576 2701 2643 dominum
2722 2586 2785 2643 et

387 2660 686 2725 Davidem
742 2659 1123 2725 Giraldinum
1171 2684 1204 2727 e
1245 2664 1434 2728 uitem
1488 2663 1806 2729 interfecit.
1891 2661 2037 2747 Ipse
2079 2684 2279 2727 comes
2306 2664 2677 2729 semisomnis
2718 2665 2785 2729 in

389 2746 701 2812 castellum
729 2769 793 2811 se
821 2747 1102 2832 recepit,ss
1136 2770 1221 2813 un
1264 2769 1297 2812 e
1348 2770 1553 2819 rursus
1583 2749 1942 2834 comparatis
1964 2746 2192 2813 viribus
2219 2770 2555 2833 erumpens,
2590 2750 2780 2817 Such-

387 2852 662 2986 ffla
652 2834 1508 3006 2253530233332mfffls33
1625 2833 2785 3008 &inflammasti

386 3008 615 3073 hannes
665 3027 802 3073 cum
833 3006 1135 3092 equitibus
1162 3014 1400 3073 tantum
1427 3013 1562 3073 octo
1591 3008 1892 3095 profectus
1918 3030 1993 3073 ex
2020 3007 2285 3073 exercitu
2338 3011 2518 3074 causa
2544 3030 2785 3095 compo-

390 3095 573 3163 nendi
630 3095 1092 3161 controversiam
1151 3100 1214 3161 et
1269 3095 1460 3161 rixam
1487 3100 1680 3163 ortam
1707 3095 1865 3160 inter
1894 3094 2183 3180 quosdam
2208 3094 2483 3161 factionis
2511 3118 2635 3161 suae
2678 3096 2785 3183 qui

391 3180 655 3261 aberant,
706 3182 896 3247 Drom
939 3181 1215 3248 hininum
1257 3188 1524 3247 montem
1581 3181 1873 3248 transibat
1930 3203 2069 3247 cum
2119 3187 2291 3268 grato
2346 3204 2588 3271 vespere
2644 3191 2786 3270 post

389 3270 694 3337 aestuantis
721 3269 870 3335 meri
916 3269 989 3334 'ei
1043 3268 1466 3355 equitationem
1487 3270 1566 3335 ad
1586 3269 1766 3356 pedes
1793 3269 2102 3335 descendit
2128 3268 2603 3335 deambulatione
2658 3272 2785 3337 ani-

389 3376 554 3421 mum
585 3356 954 3421 relaxatums
979 3355 1106 3421 una
1156 3378 1294 3422 cum
1353 3356 1710 3423 comitibus:
1757 3356 1863 3443 qui
1888 3356 2043 3423 nihil
2070 3355 2303 3423 adversi
2348 3357 2627 3424 timentes
2667 3358 2784 3423 rati

391 3443 598 3528 procul
626 3442 829 3509 abesse
857 3444 1090 3509 hostem
1119 3442 1548 3529 spatiabantur,
1606 3443 1975 3530 mdissequis
2004 3442 2361 3509 ducentibus
2462 3468 2595 3510 uos.
2642 3444 2782 3511 Cae-

389 3537 586 3595 terum
611 3552 749 3595 cum
797 3529 1026 3595 lumina
1053 3532 1366 3597 vertissent
1393 3530 1557 3597 haud
1612 3531 1822 3617 procul
1842 3536 2289 3616 ‚conspexerunt
2332 3532 2453 3597 Suc
2498 3553 2601 3596 um
2643 3552 2783 3595 cum

391 3616 690 3702 equitibus
748 3617 1056 3701 sexaginta
1109 3618 1464 3683 venientem.
1580 3616 1732 3683 Mox
1779 3639 1989 3683 omnes
2056 3618 2125 3681 iu
2192 3638 2383 3701 equos
2421 3617 2783 3682 insiluerunt

389 3709 602 3789 praeter
660 3702 703 3767 J
704 3703 1018 3780 ohannem,
1080 3704 1186 3787 qui
1241 3703 1384 3769 alias
1435 3705 1704 3769 omnium
1763 3703 2175 3782 dexterrimus,
2234 3708 2379 3781 erat,
2424 3704 2517 3768 vir
2571 3704 2781 3787 ingen-

390 3792 468 3855 tis
526 3790 710 3855 animi
766 3795 829 3854 et
891 3788 1139 3867 roboris,
1197 3791 1263 3855 in
1319 3788 1534 3855 subitis
1605 3788 1843 3855 casibus
1909 3789 2264 3875 intrepidus,
2338 3810 2497 3876 saepe
2558 3790 2781 3855 solitus

391 3898 623 3943 summa
663 3876 946 3941 facilitate
997 3875 1178 3941 altius
1227 3898 1381 3961 equo
1431 3875 1672 3941 assilire.
1747 3875 1975 3941 Verum
2004 3880 2135 3940 tum
2185 3898 2263 3941 ne
2310 3875 2561 3941 aliorum
2602 3877 2782 3942 etiam

389 3984 506 4049 ope
545 3963 747 4049 potuit
773 3984 994 4047 equum
1036 3962 1370 4043 ascendere,
1422 3961 1586 4048 quod
1626 3970 1689 4027 et
1729 3962 1929 4047 ipsum
1956 3968 2162 4049 torpor
2187 3961 2427 4042 invasit,
2466 3970 2782 4047 totumque

392 4051 722 4137 occupavit,
752 4055 813 4114 et
841 4070 1032 4134 equus
1059 4048 1325 4134 alioquin
1351 4055 1698 4115 mansuetus
1747 4055 1810 4115 et
1838 4049 2197 4116 domesticus
2224 4048 2586 4128 calcitmbat,
2617 4070 2781 4115 nunc

395 4138 640 4223 priores,
691 4159 856 4201 nunc
911 4136 1265 4221 posteriores
1335 4136 1474 4202 edes
1501 4136 1754 4223 erigens.
1840 4136 1997 4203 Tum
2026 4136 2608 4203 Johannos'oomitae
2637 4134 2779 4202 allo·

394 4246 581 4309 quens
633 4229 676 4258 “
702 4222 862 4299 abite
877 4222 919 4251 ”
963 4222 1163 4307 inquit
1212 4227 1256 4258 “
1301 4222 1524 4289 eliciter
1579 4223 1890 4290 fortissimi
1939 4224 2389 4291 commilitones.
2476 4223 2531 4289 E
2577 4246 2614 4289 o
2656 4245 2781 4289 non

392 4332 636 4397 possum
664 4332 884 4397 equum
935 4309 1289 4375 ascendere:
1335 4309 1563 4376 viribus
1613 4309 1889 4377 omnibus
1912 4332 2045 4378 sum
2090 4310 2431 4376 destitutus.
2576 4333 2661 4376 aec
2690 4317 2780 4377 est

463 4482 488 4509 ·
525 4482 598 4537 Α.
621 4480 698 4535 D.
736 4480 1088 4544 1581—001,
1111 4498 1164 4553 p.
1189 4480 1312 4539 370.
1386 4480 1542 4535 Four
1566 4478 1825 4549 Masters,
1850 4498 1907 4552 p.
1940 4481 2097 4539 1755.

539 4553 610 4606 Α.
635 4550 710 4606 D.
739 4552 1114 4615 meh-001,
1137 4569 1192 4623 p.
1217 4552 1342 4610 371.
1417 4551 1573 4605 Four
1601 4552 1859 4615 Masters,
1878 4554 1948 4606 A.
1972 4552 2045 4605 D.
2077 4555 2232 4614 1582,
2256 4571 2291 4624 p
2332 4590 2346 4605 .
2382 4552 2704 4612 1781-1782.

535 4624 608 4677 A.
636 4622 712 4677 D.
745 4624 1136 4677 1580.-Four
1163 4622 1421 4689 Masters,
1448 4622 1602 4682 1727.
1662 4622 1802 4679 This
1830 4622 2064 4679 cormac
2110 4622 2243 4677 Mac
2284 4571 2495 4695 zeigue
2532 4640 2647 4680 was
2682 4624 2779 4681 the

401 4701 685 4765 promotor
711 4692 778 4748 of
810 4690 1134 4766 O’Herlih5‚
1159 4694 1268 4749 and
1289 4692 1412 4749 rich
1435 4692 1764 4749 inforfeited
1785 4692 2177 4767 Abbeydands,
2209 4712 2261 4765 p.
2291 4697 2445 4753 1799.

471 4764 502 4830 5
537 4768 609 4821 A.
635 4764 716 4818 D.
751 4766 1140 4821 1580..-F0u1-
1166 4764 1425 4829 Masta-s,
1443 4784 1499 4837 p.
1533 4764 1688 4822 1729.

401 4890 412 4899 ,
470 4836 490 4901 Ι
529 4838 594 4891 A.
616 4835 690 4891 D.
722 4836 1115 4892 1⁵81..-F0m·
1141 4836 1404 4901 Masters,
1427 4855 1484 4909 p.
1519 4837 1673 4896 1757.
