3634 5842
997 747 1080 808 46
1384 745 1800 812 o'sumvmr
1840 766 2153 814 msa-om
2196 769 2583 829 cunonem,
2613 770 2762 816 ron.
2794 772 2839 816 1.
3108 753 3275 838 [un.
3306 774 3387 819 ιν.

999 925 1226 984 exteras
1255 923 1464 1004 gentes
1489 918 1943 986 inundationem
1970 921 2162 988 facere
2210 922 2393 988 fuisse
2442 921 2669 1002 solitos,
2716 929 2969 990 testatur
3016 923 3223 992 Divus
3250 927 3387 994 Ber-

997 1004 1238 1084 nardus,
1291 1003 1515 1070 addens
1565 1027 1640 1070 ex
1688 1007 2097 1074 Bencornensi
2126 1009 2320 1075 solum
2348 1011 2727 1090 monasterio,
2757 1011 2942 1076 millia
2968 1012 3163 1078 multa
3192 1013 3386 1100 prodi-

997 1093 1171 1157 visse.
1231 1091 1452 1157 Priscis
1477 1090 1596 1158 illis
1623 1093 1706 1159 AE
1785 1096 1895 1180 pti,
1926 1094 2375 1182 Palsaetinaeque
2402 1097 2606 1164 Beatis
2632 1095 2883 1163 Ibernos
2911 1120 3187 1181 numero,
3218 1100 3385 1166 meri-

999 1179 1100 1257 tis,
1150 1178 1470 1258 miraculis,
1519 1201 1691 1266 pares
1813 1183 1923 1248 'sse
1972 1183 2281 1249 confirmat
2308 1183 2351 1248 J
2353 1183 2617 1250 ecelinus
2644 1191 2817 1250 vetus
2860 1185 3153 1272 scriptor:
3202 1194 3267 1253 et
3294 1188 3387 1253 vix

999 1264 1193 1330 ullum
1213 1267 1281 1331 in
1295 1266 1490 1332 insula
1504 1273 1634 1333 tota
1647 1267 1915 1354 palmum
1930 1277 2106 1335 terrm
2118 1269 2393 1350 inveniri,
2416 1270 2563 1357 quin
2586 1277 2925 1337 sanctorum
2933 1271 3256 1341 hominum
3272 1275 3385 1340 vita

999 1352 1377 1439 integerrime
1433 1360 1496 1419 et
1551 1355 2035 1423 innocentissime
2071 1363 2205 1423 acta
2233 1365 2411 1444 atque
2469 1357 2989 1426 miraculosissima
3038 1367 3383 1428 sacraretur.

999 1437 1136 1505 Imo
1164 1441 1311 1507 adeo
1339 1441 1522 1508 fuisse
1549 1441 1722 1509 Divis
1752 1444 2058 1530 copiosam
2086 1449 2147 1510 et
2175 1443 2719 1531 locupletissimam,
2763 1452 2836 1510 ut
2883 1445 3195 1514 stellarum
3352 1471 3383 1512 e

997 1548 1314 1594 numerum
1359 1535 1699 1595 sanctorum
1742 1531 2087 1617 patrociniis
2122 1531 2413 1618 adaequet,
2446 1531 2655 1598 Surius
2702 1531 2995 1618 perhibet.
3092 1533 3203 1606 Qu
3316 1557 3379 1600 eo

999 1614 1238 1700 quidem
1284 1616 1484 1681 minus
1514 1615 1690 1683 debet
1741 1617 2193 1684 admirationem
2238 1640 2627 1698 commovere,
2675 1619 2837 1704 quod
2884 1619 3085 1688 divina
3124 1622 3379 1708 quadam

997 1702 1427 1770 consuetudine
1486 1703 1714 1770 decima
1755 1727 1892 1792 pars
1920 1706 2185 1771 virorum
2212 1727 2277 1771 se
2304 1705 2647 1772 monastica
2675 1707 2815 1772 vitoe
2842 1706 3151 1808 alligaret·
3199 1709 3377 1775 faemi·

995 1811 1206 1854 narum
1235 1812 1472 1876 quoque
1501 1791 1744 1857 decimae
1769 1791 1837 1857 in
1866 1813 2163 1858 sacrarum
2183 1791 2485 1892 virginum
2504 1792 2757 1880 collegia
2783 1793 3282 1878 adscriberentur,
3322 1801 3376 1860 et

831 1879 970 1949 [4³·]
994 1877 1262 1963 utrisque
1290 1876 1517 1943 alendis
1545 1879 1814 1944 omnium
1843 1880 2150 1946 fructuum
2178 1878 2421 1947 decimae
2449 1878 2933 1948 attribuerentur.
2942 1883 2971 1966 ss

1992 2339 2174 2407 cAP.
2218 2339 2338 2406 IX.

1070 2483 1345 2540 Iber-niam
1367 2481 1535 2536 fuisse
1561 2481 1903 2555 Martyribus
1925 2481 2271 2540 nobilitatam
2295 2491 2492 2538 contra
2516 2481 2907 2538 cambrensem
2934 2481 3280 2538 defenditur.

987 2608 1148 2681 Qua.
1177 2607 1418 2674 tametsi
1443 2607 1531 2672 ita
1557 2611 1704 2672 sunt
1730 2605 2119 2672 nihilominus
2139 2605 2397 2672 Ibernise
2424 2627 2645 2672 nomen
2673 2609 2736 2670 et
2764 2603 3266 2672 existimationem
3284 2603 3364 2670 di-

983 2697 1250 2762 minuere
1266 2695 1383 2761 fuit
1401 2694 1542 2760 olim
1557 2699 1806 2760 conatus
1817 2693 2113 2794 Sylvester
2122 2693 2418 2782 Gyraldus
2434 2691 2827 2771 Cambrensis,
2840 2691 3089 2757 Henrici
3110 2691 3364 2759 Secundi

981 2784 1138 2870 regis
1186 2783 1426 2869 Angliae
1468 2805 1506 2847 a
1551 2781 1810 2860 secretis,
1855 2803 1919 2846 m
1962 2781 2065 2847 illa
2109 2781 2511 2868 disputatione
2543 2779 2829 2866 jucunda,
2880 2780 3358 2866 posteritatisque

981 2871 1267 2937 memoria
1295 2869 1478 2956 digna
1505 2891 1686 2955 quam
1713 2869 1781 2934 in
1809 2867 2071 2948 Ibernia,
2105 2868 2483 2934 Stanihursto
2533 2867 2841 2946 referente,
2900 2888 3041 2931 cum
3070 2865 3361 2933 Matthaeo

978 2956 1242 3024 Cassilioe
1270 2957 1736 3042 Archiepiscopo
1763 2955 2028 3020 instituit
2072 2977 2268 3021 coram
2314 2953 2621 3020 Pontificis
2670 2951 2913 3018 maximi
2961 2952 3182 3039 legato,
3292 2953 3363 3018 In

979 3067 1094 3130 qua
1121 3043 1498 3109 Cambrensis
1526 3041 1784 3108 Iberniae
1813 3040 2030 3127 probro
2059 3041 2296 3129 objecit,
2316 3040 2477 3126 quod
2504 3041 2660 3106 inter
2687 3045 2781 3105 tot
2808 3039 3102 3106 Divorum
3130 3041 3363 3128 agmina

975 3130 1209 3196 nullum
1239 3128 1552 3215 protulerit
1599 3135 1935 3214 martyrem,
1966 3128 2136 3214 cujus
2164 3129 2453 3214 sanguine
2480 3127 2671 3213 rigata
2691 3125 3122 3193 nobilitaretur.
3214 3129 3359 3194 Tum

975 3215 1302 3281 Matthaeus
1341 3215 1628 3292 Antiates,
1661 3213 2220 3300 quomodocunque,
2250 3215 2316 3280 in
2356 3215 2468 3293 uit,
2502 3214 2576 3279 de
2620 3212 2975 3300 martyribus
3003 3235 3099 3280 res
3126 3213 3356 3292 habeat,

973 3302 1176 3368 nullus
1233 3301 1588 3367 Ibernorum
1645 3305 1993 3386 magnatum
2050 3301 2249 3367 extitit
2370 3323 2439 3366 eo
2488 3299 2852 3366 inhumanus
2894 3307 2955 3366 et
2998 3325 3033 3367 a
3074 3323 3259 3368 sensu
3302 3305 3359 3365 et

973 3390 1192 3476 pietate
1221 3388 1467 3468 alienus,
1515 3393 1588 3452 ut
1613 3393 1750 3473 post
1778 3385 2175 3453 Christianam
2203 3385 2549 3473 religionem
2578 3393 2880 3473 acceptam
2908 3388 2975 3453 in
3005 3389 3351 3466 sacerdotes,

971 3477 1282 3562 sacrilegas
1331 3497 1543 3540 manus
1587 3474 1890 3560 injecerit:
1937 3475 2082 3560 quin
2112 3479 2173 3540 et
2198 3475 2317 3540 illis
2357 3495 2527 3560 reges
2569 3474 2761 3540 nostri
2788 3475 3068 3540 verticem
3094 3475 3279 3540 simul
3302 3479 3357 3538 et

969 3565 1157 3630 fasces
1185 3561 1635 3629 submittebant.
1726 3560 1910 3632 Quod
1939 3561 2177 3647 quidem
2206 3562 2324 3627 fuit
2366 3583 2577 3641 causae,
2607 3582 2685 3626 ne
2712 3561 2841 3627 haec
2888 3561 3084 3628 insula
3112 3581 3351 3628 suorum

969 3651 1360 3730 sacerdotum,
1391 3651 1679 3736 sanguine
1706 3647 2177 3736 perfunderetur.
2265 3647 2451 3714 Nunc
2494 3670 2633 3716 vero
2718 3647 3163 3734 uandoqnidem
3194 3649 3354 3715 venit

967 3741 1034 3804 in
1063 3738 1349 3806 ditionem
1377 3759 1599 3816 eorum,
1633 3737 1734 3822 qui
1787 3757 1851 3801 se
1896 3737 2186 3822 sanguine
2214 3735 2575 3800 Antistitum
2622 3757 2703 3821 po
2748 3756 2889 3801 nere
2936 3735 3177 3815 audent,
3232 3755 3355 3802 eam

969 3827 1144 3892 credo
1171 3825 1500 3891 multorum
1527 3831 1854 3910 martyrum
1880 3823 2097 3889 laureis
2126 3821 2645 3902 cohonestandam,
2666 3843 2861 3908 neque
2888 3823 3049 3888 enim
3076 3845 3189 3909 ego
3218 3845 3351 3889 nos«

967 3935 1170 3978 rorum
1197 3911 1511 3977 hominum
1539 3911 1747 3976 virtuti
1777 3917 1839 3975 et
1882 3909 1989 3976 reli
2036 3911 2155 3976 'oni
2204 3909 2352 3976 adeo
2396 3907 2620 3987 diffido,
2670 3914 2744 3974 ut
2772 3907 3043 3976 dubitem
3070 3909 3220 3994 quin
3248 3929 3350 3996 pro

965 3997 1338 4084 Christilege,
1361 3998 1616 4063 animam
1625 3996 1731 4062 ubi
1747 4019 1987 4063 necesse
2081 3997 2278 4075 beant,
2299 3993 2710 4062 diffundant-''·
2742 3994 2843 4061 Ita
2863 3997 3059 4082 gravis
3079 3997 3347 4083 pontifex

967 4091 1028 4152 et
1057 4109 1182 4151 suae
1211 4085 1407 4170 gentis
1437 4084 1789 4169 dignitatem
1821 4091 2052 4150 tutatus
2080 4090 2190 4162 est,
2222 4089 2283 4148 et
2304 4083 2425 4149 acri
2466 4089 2790 4149 scommate
2830 4089 3109 4169 peracute
3136 4081 3351 4170 carpsit

965 4172 1218 4260 Anglos„
1267 4171 1522 4236 maxime
1573 4169 1905 4235 Henricum
1956 4170 2286 4236 secundum
2333 4191 2554 4256 regem,
2600 4170 2771 4255 cujus
2823 4169 3105 4236 satellites
3148 4169 3350 4256 paucis

965 4269 1104 4327 ante
1134 4257 1344 4326 diebus
1372 4257 1620 4324 Thomae
1646 4254 2058 4322 Cantuariensi
2108 4256 2571 4344 Archiepiscopo
2600 4263 2853 4322 mortem
2898 4257 3247 4336 intulerant,
3291 4260 3348 4320 et

965 4349 1142 4414 etiam
1189 4350 1542 4434 praesentem
1592 4339 1849 4408 Iberniae
1900 4350 2139 4423 statum,
2172 4366 2306 4444 quae
2348 4345 2473 4431 jam
2520 4343 2714 4409 multo
2756 4365 2999 4411 suorum
3030 4351 3349 4430 martyrum

963 4456 1171 4500 cruore
1218 4433 1295 4499 ab
1341 4431 1558 4518 Anglis
1603 4429 1789 4497 effuso
1836 4430 2036 4511 micat,
2086 4431 2439 4498 vatlcinatus
2481 4429 2630 4496 mihi
2656 4429 2911 4497 videtur.
2998 4429 3132 4496 Nec
3150 4437 3349 4496 tamen

963 4519 1276 4674 {ffiztss
1303 4519 1560 4672 {¹33ss3
1585 4517 2172 4692 fflffssssfflssa
2198 4525 2261 4670 ἓξ
2286 4517 3346 4690 Ἑῖξῗὲιῗὲῗὲζρῗηίξῗὼῗὶὲὲέῗ

963 4656 1238 4760 chardus’
1317 4693 1685 4760 tanihurstus
1769 4691 1994 4778 objicit,
2054 4692 2506 4770 Golomannum,
2595 4689 2940 4776 Dimpnam,
3012 4679 3343 4768 Foilanum‚

961 4780 1290 4848 Kilianum.
1375 4778 1586 4844 Plures
1613 4786 1900 4844 memorat
1948 4779 2260 4858 Convaeus‘,
2292 4801 2439 4863 quos
2466 4777 2643 4842 variis
2683 4777 2749 4842 in
2776 4777 2923 4843 locis
2950 4777 3344 4864 evangelicam

961 4868 1268 4936 veritatem
1315 4865 1594 4932 docentes
1622 4864 2005 4932 barbarorum
2036 4867 2201 4933 furor
2230 4888 2302 4931 ex
2352 4865 2462 4930 hae
2504 4864 2627 4931 vita
2672 4865 2932 4931 sustulit.
3020 4863 3339 4932 Blaithma-
