<?xml version="1.0" encoding="UTF-8"?>
<!DOCTYPE html PUBLIC "-//W3C//DTD XHTML 1.0 Transitional//EN"
    "http://www.w3.org/TR/xhtml1/DTD/xhtml1-transitional.dtd">
<html xmlns="http://www.w3.org/1999/xhtml" xml:lang="en" lang="en">
 <head>
  <title>
</title>
<meta http-equiv="Content-Type" content="text/html;charset=utf-8" />
  <meta name='ocr-system' content='tesseract 3.04.00' />
  <meta name='ocr-capabilities' content='ocr_page ocr_carea ocr_par ocr_line ocrx_word'/>
</head>
<body>
  <div class='ocr_page' id='page_1' title='image "./historicatholic00kellgoog_0213.png"; bbox 0 0 3634 5842; ppageno 0'>
   <div class='ocr_carea' id='block_1_1' title="bbox 429 694 2799 777">
    <p class='ocr_par' dir='ltr' id='par_1_1' title="bbox 429 694 2799 777">
     <span class='ocr_line' id='line_1_1' title="bbox 429 694 2799 777; baseline 0.003 -20"><span class='ocrx_word' id='word_1_1' title='bbox 429 714 564 758; x_wconf 62' lang='lat' dir='ltr'><strong>cnr.</strong></span> <span class='ocrx_word' id='word_1_2' title='bbox 611 694 730 777; x_wconf 63' lang='lat' dir='ltr'><strong>vn]</strong></span> <span class='ocrx_word' id='word_1_3' title='bbox 1083 716 1168 759; x_wconf 78' lang='lat' dir='ltr'><strong>ni:</strong></span> <span class='ocrx_word' id='word_1_4' title='bbox 1211 714 1411 761; x_wconf 69' lang='lat' dir='ltr'><strong>nunno</strong></span> <span class='ocrx_word' id='word_1_5' title='bbox 1455 715 1823 764; x_wconf 76' lang='lat' dir='ltr'><strong>Qumnncm</strong></span> <span class='ocrx_word' id='word_1_6' title='bbox 1866 716 2200 763; x_wconf 67' lang='lat' dir='ltr'><strong>Annorum.</strong></span> <span class='ocrx_word' id='word_1_7' title='bbox 2680 700 2799 765; x_wconf 85' lang='grc'><strong>177</strong></span> 
     </span>
    </p>
   </div>
   <div class='ocr_carea' id='block_1_2' title="bbox 420 866 2807 2255">
    <p class='ocr_par' dir='ltr' id='par_1_2' title="bbox 420 866 2807 2255">
     <span class='ocr_line' id='line_1_2' title="bbox 427 866 2805 954; baseline 0.003 -26"><span class='ocrx_word' id='word_1_8' title='bbox 427 872 622 929; x_wconf 84' lang='lat' dir='ltr'><strong>tantes</strong></span> <span class='ocrx_word' id='word_1_9' title='bbox 673 867 828 931; x_wconf 85' lang='lat' dir='ltr'><strong>ultra</strong></span> <span class='ocrx_word' id='word_1_10' title='bbox 872 866 1222 953; x_wconf 87' lang='lat' dir='ltr'><strong>procedunt,</strong></span> <span class='ocrx_word' id='word_1_11' title='bbox 1269 869 1431 934; x_wconf 86' lang='lat' dir='ltr'><strong>haud</strong></span> <span class='ocrx_word' id='word_1_12' title='bbox 1480 868 1646 933; x_wconf 89' lang='lat' dir='ltr'><strong>dubii</strong></span> <span class='ocrx_word' id='word_1_13' title='bbox 1677 870 1823 954; x_wconf 90' lang='lat' dir='ltr'><strong>quin</strong></span> <span class='ocrx_word' id='word_1_14' title='bbox 1854 876 1973 933; x_wconf 87' lang='lat' dir='ltr'><strong>tani</strong></span> <span class='ocrx_word' id='word_1_15' title='bbox 2027 868 2220 933; x_wconf 84' lang='lat' dir='ltr'><strong>valido</strong></span> <span class='ocrx_word' id='word_1_16' title='bbox 2268 870 2527 935; x_wconf 86' lang='lat' dir='ltr'><strong>exercitu</strong></span> <span class='ocrx_word' id='word_1_17' title='bbox 2570 892 2639 935; x_wconf 84' lang='lat' dir='ltr'><strong>ea</strong></span> <span class='ocrx_word' id='word_1_18' title='bbox 2680 870 2805 937; x_wconf 84' lang='lat' dir='ltr'><strong>sola</strong></span> 
     </span>
     <span class='ocr_line' id='line_1_3' title="bbox 427 952 2801 1037; baseline 0.003 -22"><span class='ocrx_word' id='word_1_19' title='bbox 427 952 800 1037; x_wconf 75' lang='lat' dir='ltr'><strong>expeditione</strong></span> <span class='ocrx_word' id='word_1_20' title='bbox 849 976 1053 1021; x_wconf 67' lang='lat' dir='ltr'><strong>omiioe</strong></span> <span class='ocrx_word' id='word_1_21' title='bbox 1098 954 1242 1019; x_wconf 91' lang='lat' dir='ltr'><strong>O&#39;N</strong></span> <span class='ocrx_word' id='word_1_22' title='bbox 1242 955 1340 1021; x_wconf 88' lang='lat' dir='ltr'><strong>elli</strong></span> <span class='ocrx_word' id='word_1_23' title='bbox 1369 964 1429 1021; x_wconf 88' lang='lat' dir='ltr'><strong>et</strong></span> <span class='ocrx_word' id='word_1_24' title='bbox 1456 956 1895 1021; x_wconf 76' lang='lat' dir='ltr'><strong>catholicorum</strong></span> <span class='ocrx_word' id='word_1_25' title='bbox 1924 956 2077 1019; x_wconf 80' lang='lat' dir='ltr'><strong>vires</strong></span> <span class='ocrx_word' id='word_1_26' title='bbox 2105 956 2558 1034; x_wconf 85' lang='lat' dir='ltr'><strong>contunderent,</strong></span> <span class='ocrx_word' id='word_1_27' title='bbox 2589 963 2651 1020; x_wconf 88' lang='lat' dir='ltr'><strong>et</strong></span> <span class='ocrx_word' id='word_1_28' title='bbox 2678 959 2801 1021; x_wconf 89' lang='lat' dir='ltr'><strong>ani-</strong></span> 
     </span>
     <span class='ocr_line' id='line_1_4' title="bbox 428 1036 2800 1129; baseline 0.002 -26"><span class='ocrx_word' id='word_1_29' title='bbox 428 1061 556 1103; x_wconf 85' lang='lat' dir='ltr'><strong>mos</strong></span> <span class='ocrx_word' id='word_1_30' title='bbox 605 1040 962 1125; x_wconf 82' lang='lat' dir='ltr'><strong>frangerent.</strong></span> <span class='ocrx_word' id='word_1_31' title='bbox 1025 1041 1320 1107; x_wconf 75' lang='lat' dir='ltr'><strong>Caeterum</strong></span> <span class='ocrx_word' id='word_1_32' title='bbox 1345 1065 1470 1108; x_wconf 91' lang='lat' dir='ltr'><strong>non</strong></span> <span class='ocrx_word' id='word_1_33' title='bbox 1513 1041 1752 1127; x_wconf 83' lang='lat' dir='ltr'><strong>longius</strong></span> <span class='ocrx_word' id='word_1_34' title='bbox 1780 1041 1941 1107; x_wconf 89' lang='lat' dir='ltr'><strong>mille</strong></span> <span class='ocrx_word' id='word_1_35' title='bbox 1969 1048 2031 1105; x_wconf 88' lang='lat' dir='ltr'><strong>et</strong></span> <span class='ocrx_word' id='word_1_36' title='bbox 2058 1036 2400 1127; x_wconf 68' lang='lat' dir='ltr'><strong>quingentis</strong></span> <span class='ocrx_word' id='word_1_37' title='bbox 2426 1041 2698 1129; x_wconf 83' lang='lat' dir='ltr'><strong>passibus</strong></span> <span class='ocrx_word' id='word_1_38' title='bbox 2726 1042 2800 1108; x_wconf 87' lang='lat' dir='ltr'><strong>ab</strong></span> 
     </span>
     <span class='ocr_line' id='line_1_5' title="bbox 427 1126 2803 1216; baseline 0.001 -26"><span class='ocrx_word' id='word_1_39' title='bbox 427 1126 768 1191; x_wconf 67' lang='lat' dir='ltr'><strong>Ardmacha</strong></span> <span class='ocrx_word' id='word_1_40' title='bbox 795 1138 938 1192; x_wconf 86' lang='lat' dir='ltr'><strong>sunt</strong></span> <span class='ocrx_word' id='word_1_41' title='bbox 962 1129 1276 1214; x_wconf 79' lang='lat' dir='ltr'>progressi,</span> <span class='ocrx_word' id='word_1_42' title='bbox 1309 1130 1446 1195; x_wconf 67' lang='lat' dir='ltr'><strong>cum</strong></span> <span class='ocrx_word' id='word_1_43' title='bbox 1474 1129 1559 1193; x_wconf 86' lang='lat' dir='ltr'><strong>eis</strong></span> <span class='ocrx_word' id='word_1_44' title='bbox 1588 1128 1887 1195; x_wconf 83' lang='lat' dir='ltr'><strong>O&#39;Nellus</strong></span> <span class='ocrx_word' id='word_1_45' title='bbox 1914 1150 2051 1193; x_wconf 83' lang='lat' dir='ltr'><strong>suas</strong></span> <span class='ocrx_word' id='word_1_46' title='bbox 2080 1129 2323 1214; x_wconf 85' lang='lat' dir='ltr'><strong>exiguas</strong></span> <span class='ocrx_word' id='word_1_47' title='bbox 2352 1130 2552 1216; x_wconf 78' lang='lat' dir='ltr'><strong>copias</strong></span> <span class='ocrx_word' id='word_1_48' title='bbox 2581 1129 2803 1195; x_wconf 86' lang='lat' dir='ltr'><strong>ducens</strong></span> 
     </span>
     <span class='ocr_line' id='line_1_6' title="bbox 427 1213 2805 1301; baseline 0.002 -25"><span class='ocrx_word' id='word_1_49' title='bbox 427 1213 702 1291; x_wconf 88' lang='lat' dir='ltr'><strong>occurrit,</strong></span> <span class='ocrx_word' id='word_1_50' title='bbox 751 1214 856 1279; x_wconf 84' lang='lat' dir='ltr'><strong>sed</strong></span> <span class='ocrx_word' id='word_1_51' title='bbox 905 1215 1091 1279; x_wconf 84' lang='lat' dir='ltr'><strong>serius</strong></span> <span class='ocrx_word' id='word_1_52' title='bbox 1135 1216 1332 1281; x_wconf 79' lang='lat' dir='ltr'><strong>forsan</strong></span> <span class='ocrx_word' id='word_1_53' title='bbox 1423 1238 1562 1281; x_wconf 87' lang='lat' dir='ltr'><strong>uam</strong></span> <span class='ocrx_word' id='word_1_54' title='bbox 1609 1216 1738 1301; x_wconf 86' lang='lat' dir='ltr'><strong>ipse</strong></span> <span class='ocrx_word' id='word_1_55' title='bbox 1791 1214 2045 1293; x_wconf 84' lang='lat' dir='ltr'><strong>volebat,</strong></span> <span class='ocrx_word' id='word_1_56' title='bbox 2076 1216 2180 1299; x_wconf 90' lang='lat' dir='ltr'><strong>qui</strong></span> <span class='ocrx_word' id='word_1_57' title='bbox 2207 1239 2308 1281; x_wconf 83' lang='lat' dir='ltr'><strong>eos</strong></span> <span class='ocrx_word' id='word_1_58' title='bbox 2351 1216 2425 1281; x_wconf 89' lang='lat' dir='ltr'><strong>ab</strong></span> <span class='ocrx_word' id='word_1_59' title='bbox 2468 1215 2805 1282; x_wconf 79' lang='lat' dir='ltr'><strong>Ardmacha</strong></span> 
     </span>
     <span class='ocr_line' id='line_1_7' title="bbox 427 1300 2803 1387; baseline -0 -19"><span class='ocrx_word' id='word_1_60' title='bbox 427 1321 724 1368; x_wconf 83' lang='lat' dir='ltr'><strong>removere</strong></span> <span class='ocrx_word' id='word_1_61' title='bbox 771 1300 1065 1386; x_wconf 85' lang='lat' dir='ltr'><strong>cupiebat.</strong></span> <span class='ocrx_word' id='word_1_62' title='bbox 1151 1301 1250 1366; x_wconf 82' lang='lat' dir='ltr'><strong>Ad</strong></span> <span class='ocrx_word' id='word_1_63' title='bbox 1297 1302 1392 1367; x_wconf 85' lang='lat' dir='ltr'><strong>Va</strong></span> <span class='ocrx_word' id='word_1_64' title='bbox 1437 1326 1538 1369; x_wconf 89' lang='lat' dir='ltr'><strong>uin</strong></span> <span class='ocrx_word' id='word_1_65' title='bbox 1565 1301 1860 1367; x_wconf 83' lang='lat' dir='ltr'><strong>Otirensis</strong></span> <span class='ocrx_word' id='word_1_66' title='bbox 1908 1300 2192 1367; x_wconf 82' lang='lat' dir='ltr'><strong>Ecclesiae</strong></span> <span class='ocrx_word' id='word_1_67' title='bbox 2240 1303 2411 1387; x_wconf 82' lang='lat' dir='ltr'><strong>(Beal</strong></span> <span class='ocrx_word' id='word_1_68' title='bbox 2439 1304 2623 1367; x_wconf 85' lang='lat' dir='ltr'><strong>antha</strong></span> <span class='ocrx_word' id='word_1_69' title='bbox 2648 1302 2803 1367; x_wconf 90' lang='lat' dir='ltr'><strong>Kill-</strong></span> 
     </span>
     <span class='ocr_line' id='line_1_8' title="bbox 427 1384 2803 1475; baseline 0.002 -24"><span class='ocrx_word' id='word_1_70' title='bbox 427 1388 568 1470; x_wconf 83' lang='lat' dir='ltr'><strong>otir)</strong></span> <span class='ocrx_word' id='word_1_71' title='bbox 623 1387 782 1453; x_wconf 78' lang='lat' dir='ltr'><strong>viam</strong></span> <span class='ocrx_word' id='word_1_72' title='bbox 839 1384 1088 1465; x_wconf 80' lang='lat' dir='ltr'><strong>obsidet,</strong></span> <span class='ocrx_word' id='word_1_73' title='bbox 1140 1395 1201 1454; x_wconf 88' lang='lat' dir='ltr'><strong>et</strong></span> <span class='ocrx_word' id='word_1_74' title='bbox 1258 1388 1586 1455; x_wconf 86' lang='lat' dir='ltr'><strong>Gallienses</strong></span> <span class='ocrx_word' id='word_1_75' title='bbox 1635 1396 1814 1475; x_wconf 84' lang='lat' dir='ltr'><strong>atque</strong></span> <span class='ocrx_word' id='word_1_76' title='bbox 1859 1388 2181 1475; x_wconf 84' lang='lat' dir='ltr'><strong>Belgenses</strong></span> <span class='ocrx_word' id='word_1_77' title='bbox 2223 1396 2529 1455; x_wconf 86' lang='lat' dir='ltr'><strong>veteranos</strong></span> <span class='ocrx_word' id='word_1_78' title='bbox 2571 1389 2803 1475; x_wconf 85' lang='lat' dir='ltr'><strong>Anglos</strong></span> 
     </span>
     <span class='ocr_line' id='line_1_9' title="bbox 425 1472 2803 1562; baseline 0.001 -24"><span class='ocrx_word' id='word_1_79' title='bbox 425 1472 632 1539; x_wconf 79' lang='lat' dir='ltr'><strong>laetitia</strong></span> <span class='ocrx_word' id='word_1_80' title='bbox 661 1474 1090 1560; x_wconf 83' lang='lat' dir='ltr'><strong>triumphantes</strong></span> <span class='ocrx_word' id='word_1_81' title='bbox 1117 1474 1331 1541; x_wconf 68' lang='lat' dir='ltr'><strong>infeste</strong></span> <span class='ocrx_word' id='word_1_82' title='bbox 1359 1475 1720 1562; x_wconf 82' lang='lat' dir='ltr'>aggreditur,</span> <span class='ocrx_word' id='word_1_83' title='bbox 1736 1474 1959 1551; x_wconf 88' lang='lat' dir='ltr'><strong>turbat,</strong></span> <span class='ocrx_word' id='word_1_84' title='bbox 1979 1474 2255 1561; x_wconf 81' lang='lat' dir='ltr'>propellit</span> <span class='ocrx_word' id='word_1_85' title='bbox 2274 1476 2338 1541; x_wconf 69' lang='lat' dir='ltr'><strong>z*</strong></span> <span class='ocrx_word' id='word_1_86' title='bbox 2377 1476 2803 1561; x_wconf 85' lang='lat' dir='ltr'><strong>incompositos</strong></span> 
     </span>
     <span class='ocr_line' id='line_1_10' title="bbox 425 1560 2799 1649; baseline 0.001 -24"><span class='ocrx_word' id='word_1_87' title='bbox 425 1561 492 1625; x_wconf 92' lang='lat' dir='ltr'><strong>in</strong></span> <span class='ocrx_word' id='word_1_88' title='bbox 520 1560 912 1627; x_wconf 84' lang='lat' dir='ltr'><strong>Ardinacham</strong></span> <span class='ocrx_word' id='word_1_89' title='bbox 963 1584 1090 1627; x_wconf 82' lang='lat' dir='ltr'><strong>sese</strong></span> <span class='ocrx_word' id='word_1_90' title='bbox 1134 1564 1480 1649; x_wconf 74' lang='lat' dir='ltr'><strong>recipientes</strong></span> <span class='ocrx_word' id='word_1_91' title='bbox 1509 1586 1572 1629; x_wconf 78' lang='lat' dir='ltr'><strong>se</strong></span> <span class='ocrx_word' id='word_1_92' title='bbox 1615 1562 1796 1640; x_wconf 83' lang='lat' dir='ltr'><strong>uitur,</strong></span> <span class='ocrx_word' id='word_1_93' title='bbox 1827 1562 2048 1627; x_wconf 86' lang='lat' dir='ltr'><strong>multos</strong></span> <span class='ocrx_word' id='word_1_94' title='bbox 2076 1562 2349 1627; x_wconf 85' lang='lat' dir='ltr'><strong>occidens</strong></span> <span class='ocrx_word' id='word_1_95' title='bbox 2377 1568 2439 1628; x_wconf 87' lang='lat' dir='ltr'><strong>et</strong></span> <span class='ocrx_word' id='word_1_96' title='bbox 2466 1562 2799 1628; x_wconf 87' lang='lat' dir='ltr'><strong>vulnerans.</strong></span> 
     </span>
     <span class='ocr_line' id='line_1_11' title="bbox 426 1646 2802 1747; baseline 0.001 -36"><span class='ocrx_word' id='word_1_97' title='bbox 426 1646 715 1713; x_wconf 79' lang='lat' dir='ltr'><strong>Catholici</strong></span> <span class='ocrx_word' id='word_1_98' title='bbox 742 1654 978 1715; x_wconf 87' lang='lat' dir='ltr'><strong>tantuin</strong></span> <span class='ocrx_word' id='word_1_99' title='bbox 1046 1648 1398 1735; x_wconf 80' lang='lat' dir='ltr'><strong>uadraginta</strong></span> <span class='ocrx_word' id='word_1_100' title='bbox 1423 1656 1566 1715; x_wconf 87' lang='lat' dir='ltr'><strong>sunt</strong></span> <span class='ocrx_word' id='word_1_101' title='bbox 1623 1648 1915 1727; x_wconf 71' lang='lat' dir='ltr'><strong>oeiderati,</strong></span> <span class='ocrx_word' id='word_1_102' title='bbox 1930 1650 2089 1714; x_wconf 87' lang='lat' dir='ltr'><strong>inter</strong></span> <span class='ocrx_word' id='word_1_103' title='bbox 2105 1669 2255 1747; x_wconf 84' lang='lat' dir='ltr'><strong>quos</strong></span> <span class='ocrx_word' id='word_1_104' title='bbox 2285 1649 2405 1715; x_wconf 86' lang='lat' dir='ltr'><strong>duo</strong></span> <span class='ocrx_word' id='word_1_105' title='bbox 2436 1649 2546 1715; x_wconf 84' lang='lat' dir='ltr'><strong>viri</strong></span> <span class='ocrx_word' id='word_1_106' title='bbox 2572 1647 2802 1714; x_wconf 86' lang='lat' dir='ltr'><strong>nobiles</strong></span> 
     </span>
     <span class='ocr_line' id='line_1_12' title="bbox 425 1732 2799 1801; baseline 0.001 -4"><span class='ocrx_word' id='word_1_107' title='bbox 425 1732 893 1801; x_wconf 84' lang='lat' dir='ltr'><strong>Farmodirrhius</strong></span> <span class='ocrx_word' id='word_1_108' title='bbox 943 1734 1020 1800; x_wconf 89' lang='lat' dir='ltr'><strong>O’</strong></span> <span class='ocrx_word' id='word_1_109' title='bbox 1091 1735 1344 1801; x_wconf 86' lang='lat' dir='ltr'><strong>aulonus</strong></span> <span class='ocrx_word' id='word_1_110' title='bbox 1389 1744 1451 1801; x_wconf 92' lang='lat' dir='ltr'><strong>et</strong></span> <span class='ocrx_word' id='word_1_111' title='bbox 1499 1735 1784 1801; x_wconf 87' lang='lat' dir='ltr'><strong>Patritius</strong></span> <span class='ocrx_word' id='word_1_112' title='bbox 1834 1734 1976 1801; x_wconf 84' lang='lat' dir='ltr'><strong>Mac</strong></span> <span class='ocrx_word' id='word_1_113' title='bbox 2028 1734 2291 1801; x_wconf 77' lang='lat' dir='ltr'><strong>Guillius</strong></span> <span class='ocrx_word' id='word_1_114' title='bbox 2339 1734 2799 1801; x_wconf 84' lang='lat' dir='ltr'><strong>succubuerunt.</strong></span> 
     </span>
     <span class='ocr_line' id='line_1_13' title="bbox 420 1820 2801 1909; baseline 0.001 -24"><span class='ocrx_word' id='word_1_115' title='bbox 420 1820 594 1906; x_wconf 81' lang='lat' dir='ltr'><strong>Regii</strong></span> <span class='ocrx_word' id='word_1_116' title='bbox 640 1822 858 1888; x_wconf 84' lang='lat' dir='ltr'><strong>relictis</strong></span> <span class='ocrx_word' id='word_1_117' title='bbox 907 1822 1258 1888; x_wconf 81' lang='lat' dir='ltr'><strong>Ardmachae</strong></span> <span class='ocrx_word' id='word_1_118' title='bbox 1310 1823 1650 1909; x_wconf 83' lang='lat' dir='ltr'><strong>quingentis</strong></span> <span class='ocrx_word' id='word_1_119' title='bbox 1679 1821 1968 1888; x_wconf 81' lang='lat' dir='ltr'><strong>militibus</strong></span> <span class='ocrx_word' id='word_1_120' title='bbox 1996 1822 2273 1907; x_wconf 82' lang='lat' dir='ltr'><strong>praefecto</strong></span> <span class='ocrx_word' id='word_1_121' title='bbox 2301 1822 2617 1889; x_wconf 82' lang='lat' dir='ltr'><strong>Francisco</strong></span> <span class='ocrx_word' id='word_1_122' title='bbox 2648 1822 2801 1887; x_wconf 70' lang='lat' dir='ltr'><strong>Stas-</strong></span> 
     </span>
     <span class='ocr_line' id='line_1_14' title="bbox 423 1907 2801 1995; baseline 0 -23"><span class='ocrx_word' id='word_1_123' title='bbox 423 1908 618 1987; x_wconf 78' lang='lat' dir='ltr'><strong>furd0,</strong></span> <span class='ocrx_word' id='word_1_124' title='bbox 649 1910 847 1993; x_wconf 82' lang='lat' dir='ltr'><strong>equite</strong></span> <span class='ocrx_word' id='word_1_125' title='bbox 876 1918 1120 1988; x_wconf 78' lang='lat' dir='ltr'><strong>aurat03</strong></span> <span class='ocrx_word' id='word_1_126' title='bbox 1167 1912 1362 1975; x_wconf 82' lang='lat' dir='ltr'><strong>caeteri</strong></span> <span class='ocrx_word' id='word_1_127' title='bbox 1381 1910 1596 1975; x_wconf 84' lang='lat' dir='ltr'><strong>reversi</strong></span> <span class='ocrx_word' id='word_1_128' title='bbox 1612 1932 1736 1975; x_wconf 93' lang='lat' dir='ltr'><strong>non</strong></span> <span class='ocrx_word' id='word_1_129' title='bbox 1757 1908 1963 1995; x_wconf 92' lang='lat' dir='ltr'><strong>procul</strong></span> <span class='ocrx_word' id='word_1_130' title='bbox 1993 1932 2029 1973; x_wconf 86' lang='lat' dir='ltr'><strong>a</strong></span> <span class='ocrx_word' id='word_1_131' title='bbox 2047 1907 2195 1974; x_wconf 89' lang='lat' dir='ltr'><strong>Dun</strong></span> <span class='ocrx_word' id='word_1_132' title='bbox 2388 1908 2801 1987; x_wconf 82' lang='lat' dir='ltr'><strong>constiterunt,</strong></span> 
     </span>
     <span class='ocr_line' id='line_1_15' title="bbox 423 1994 2805 2082; baseline 0 -24"><span class='ocrx_word' id='word_1_133' title='bbox 423 1994 528 2059; x_wconf 92' lang='lat' dir='ltr'><strong>ubi</strong></span> <span class='ocrx_word' id='word_1_134' title='bbox 557 2017 768 2082; x_wconf 85' lang='lat' dir='ltr'><strong>prorex</strong></span> <span class='ocrx_word' id='word_1_135' title='bbox 797 2003 990 2061; x_wconf 84' lang='lat' dir='ltr'><strong>totuin</strong></span> <span class='ocrx_word' id='word_1_136' title='bbox 1021 1997 1328 2082; x_wconf 80' lang='lat' dir='ltr'><strong>negotium</strong></span> <span class='ocrx_word' id='word_1_137' title='bbox 1376 1994 1827 2061; x_wconf 86' lang='lat' dir='ltr'><strong>administrandi</strong></span> <span class='ocrx_word' id='word_1_138' title='bbox 1870 1994 2091 2061; x_wconf 88' lang='lat' dir='ltr'><strong>bellum</strong></span> <span class='ocrx_word' id='word_1_139' title='bbox 2118 1996 2183 2061; x_wconf 89' lang='lat' dir='ltr'><strong>in</strong></span> <span class='ocrx_word' id='word_1_140' title='bbox 2214 1994 2289 2061; x_wconf 88' lang='lat' dir='ltr'><strong>O’</strong></span> <span class='ocrx_word' id='word_1_141' title='bbox 2359 1995 2541 2063; x_wconf 88' lang='lat' dir='ltr'><strong>ellum</strong></span> <span class='ocrx_word' id='word_1_142' title='bbox 2568 1994 2805 2060; x_wconf 82' lang='lat' dir='ltr'><strong>Norrisi</strong></span> 
     </span>
     <span class='ocr_line' id='line_1_16' title="bbox 423 2080 2807 2169; baseline 0 -22"><span class='ocrx_word' id='word_1_143' title='bbox 423 2080 779 2167; x_wconf 83' lang='lat' dir='ltr'><strong>relinquens,</strong></span> <span class='ocrx_word' id='word_1_144' title='bbox 825 2084 952 2169; x_wconf 87' lang='lat' dir='ltr'><strong>ipse</strong></span> <span class='ocrx_word' id='word_1_145' title='bbox 997 2082 1404 2149; x_wconf 86' lang='lat' dir='ltr'><strong>Dubhliniiam</strong></span> <span class='ocrx_word' id='word_1_146' title='bbox 1457 2082 1629 2164; x_wconf 88' lang='lat' dir='ltr'><strong>redit,</strong></span> <span class='ocrx_word' id='word_1_147' title='bbox 1678 2089 1747 2147; x_wconf 84' lang='lat' dir='ltr'><strong>ut</strong></span> <span class='ocrx_word' id='word_1_148' title='bbox 1796 2080 1973 2147; x_wconf 89' lang='lat' dir='ltr'><strong>rebus</strong></span> <span class='ocrx_word' id='word_1_149' title='bbox 2026 2082 2305 2169; x_wconf 80' lang='lat' dir='ltr'><strong>Lageniae</strong></span> <span class='ocrx_word' id='word_1_150' title='bbox 2356 2088 2419 2149; x_wconf 89' lang='lat' dir='ltr'><strong>et</strong></span> <span class='ocrx_word' id='word_1_151' title='bbox 2444 2081 2807 2149; x_wconf 82' lang='lat' dir='ltr'><strong>Connachtae</strong></span> 
     </span>
     <span class='ocr_line' id='line_1_17' title="bbox 427 2169 748 2255; baseline -0.003 -22"><span class='ocrx_word' id='word_1_152' title='bbox 427 2169 748 2255; x_wconf 80' lang='lat' dir='ltr'><strong>provideat.</strong></span> 
     </span>
    </p>
   </div>
   <div class='ocr_carea' id='block_1_3' title="bbox 1451 2670 1790 2736">
    <p class='ocr_par' dir='ltr' id='par_1_3' title="bbox 1451 2670 1790 2736">
     <span class='ocr_line' id='line_1_18' title="bbox 1451 2670 1790 2736; baseline -0.003 -1"><span class='ocrx_word' id='word_1_153' title='bbox 1451 2670 1630 2736; x_wconf 79' lang='lat' dir='ltr'>CAP.</span> <span class='ocrx_word' id='word_1_154' title='bbox 1676 2670 1790 2734; x_wconf 85' lang='lat' dir='ltr'><strong>VI.</strong></span> 
     </span>
    </p>
   </div>
   <div class='ocr_carea' id='block_1_4' title="bbox 425 2878 3007 3042">
    <p class='ocr_par' dir='ltr' id='par_1_4' title="bbox 425 2878 3007 3042">
     <span class='ocr_line' id='line_1_19' title="bbox 425 2878 3007 3042; baseline -0.005 -94"><span class='ocrx_word' id='word_1_155' title='bbox 425 2894 515 2948; x_wconf 80' lang='lat' dir='ltr'><strong>Ne</strong></span> <span class='ocrx_word' id='word_1_156' title='bbox 537 2912 644 2965; x_wconf 77' lang='lat' dir='ltr'><strong>pax</strong></span> <span class='ocrx_word' id='word_1_157' title='bbox 667 2894 884 2949; x_wconf 74' lang='lat' dir='ltr'><strong>ineatur</strong></span> <span class='ocrx_word' id='word_1_158' title='bbox 903 2890 1137 2965; x_wconf 75' lang='lat' dir='ltr'><strong>Hispani</strong></span> <span class='ocrx_word' id='word_1_159' title='bbox 1150 2889 1315 2963; x_wconf 71' lang='lat' dir='ltr'><strong>legati</strong></span> <span class='ocrx_word' id='word_1_160' title='bbox 1331 2885 1999 3030; x_wconf 48' lang='lat' dir='ltr'><strong>prfflffihiissffifnwhae</strong></span> <span class='ocrx_word' id='word_1_161' title='bbox 2017 2882 2327 2956; x_wconf 69' lang='lat' dir='ltr'><strong>presidium</strong></span> <span class='ocrx_word' id='word_1_162' title='bbox 2344 2881 2519 2937; x_wconf 78' lang='lat' dir='ltr'><strong>Divus</strong></span> <span class='ocrx_word' id='word_1_163' title='bbox 2536 2878 2804 2936; x_wconf 67' lang='lat' dir='ltr'><strong>Pati-{tius</strong></span> <span class='ocrx_word' id='word_1_164' title='bbox 2824 2970 2957 3041; x_wconf 63' lang='lat'><strong>[¹⁴2</strong></span> <span class='ocrx_word' id='word_1_165' title='bbox 2980 2972 3007 3042; x_wconf 71' lang='lat'><em>]</em></span> 
     </span>
    </p>
   </div>
   <div class='ocr_carea' id='block_1_5' title="bbox 419 3156 2807 3867">
    <p class='ocr_par' dir='ltr' id='par_1_5' title="bbox 419 3156 2807 3867">
     <span class='ocr_line' id='line_1_20' title="bbox 426 3156 2807 3255; baseline -0.007 -16"><span class='ocrx_word' id='word_1_166' title='bbox 426 3174 677 3239; x_wconf 75' lang='lat' dir='ltr'><strong>Runsus</strong></span> <span class='ocrx_word' id='word_1_167' title='bbox 707 3170 986 3255; x_wconf 89' lang='lat' dir='ltr'><strong>utrinque</strong></span> <span class='ocrx_word' id='word_1_168' title='bbox 1015 3169 1213 3255; x_wconf 88' lang='lat' dir='ltr'><strong>agitur</strong></span> <span class='ocrx_word' id='word_1_169' title='bbox 1242 3166 1316 3231; x_wconf 89' lang='lat' dir='ltr'><strong>de</strong></span> <span class='ocrx_word' id='word_1_170' title='bbox 1343 3188 1526 3253; x_wconf 84' lang='lat' dir='ltr'><strong>pace:</strong></span> <span class='ocrx_word' id='word_1_171' title='bbox 1573 3188 1609 3229; x_wconf 89' lang='lat' dir='ltr'><strong>a</strong></span> <span class='ocrx_word' id='word_1_172' title='bbox 1636 3162 1845 3249; x_wconf 59' lang='lat' dir='ltr'><strong>regin&amp;</strong></span> <span class='ocrx_word' id='word_1_173' title='bbox 1871 3159 2241 3227; x_wconf 85' lang='lat' dir='ltr'><strong>conditiones</strong></span> <span class='ocrx_word' id='word_1_174' title='bbox 2269 3156 2587 3223; x_wconf 81' lang='lat' dir='ltr'><strong>Catholicis</strong></span> <span class='ocrx_word' id='word_1_175' title='bbox 2618 3180 2807 3225; x_wconf 85' lang='lat' dir='ltr'><strong>sacer-</strong></span> 
     </span>
     <span class='ocr_line' id='line_1_21' title="bbox 425 3242 2802 3340; baseline -0.006 -15"><span class='ocrx_word' id='word_1_176' title='bbox 425 3260 664 3325; x_wconf 84' lang='lat' dir='ltr'><strong>dotibus</strong></span> <span class='ocrx_word' id='word_1_177' title='bbox 693 3264 754 3323; x_wconf 87' lang='lat' dir='ltr'><strong>et</strong></span> <span class='ocrx_word' id='word_1_178' title='bbox 783 3257 1160 3322; x_wconf 84' lang='lat' dir='ltr'><strong>saeciilaribus</strong></span> <span class='ocrx_word' id='word_1_179' title='bbox 1209 3276 1394 3340; x_wconf 80' lang='lat' dir='ltr'><strong>aequae</strong></span> <span class='ocrx_word' id='word_1_180' title='bbox 1443 3259 1504 3318; x_wconf 88' lang='lat' dir='ltr'><strong>et</strong></span> <span class='ocrx_word' id='word_1_181' title='bbox 1548 3252 1887 3317; x_wconf 63' lang='lat' dir='ltr'><strong>honorificae</strong></span> <span class='ocrx_word' id='word_1_182' title='bbox 1936 3248 2283 3313; x_wconf 85' lang='lat' dir='ltr'><strong>offeruntur.</strong></span> <span class='ocrx_word' id='word_1_183' title='bbox 2370 3242 2469 3310; x_wconf 82' lang='lat' dir='ltr'><strong>Ab</strong></span> <span class='ocrx_word' id='word_1_184' title='bbox 2522 3244 2802 3325; x_wconf 86' lang='lat' dir='ltr'><strong>O’Nello,</strong></span> 
     </span>
     <span class='ocr_line' id='line_1_22' title="bbox 423 3332 2804 3431; baseline -0.007 -19"><span class='ocrx_word' id='word_1_185' title='bbox 423 3346 758 3412; x_wconf 87' lang='lat' dir='ltr'><strong>O’Donello</strong></span> <span class='ocrx_word' id='word_1_186' title='bbox 787 3355 849 3409; x_wconf 87' lang='lat' dir='ltr'><strong>et</strong></span> <span class='ocrx_word' id='word_1_187' title='bbox 891 3344 1020 3409; x_wconf 84' lang='lat' dir='ltr'><strong>aliis</strong></span> <span class='ocrx_word' id='word_1_188' title='bbox 1069 3341 1303 3408; x_wconf 88' lang='lat' dir='ltr'><strong>Ibernis</strong></span> <span class='ocrx_word' id='word_1_189' title='bbox 1355 3339 1590 3406; x_wconf 87' lang='lat' dir='ltr'><strong>obsides</strong></span> <span class='ocrx_word' id='word_1_190' title='bbox 1619 3335 1945 3423; x_wconf 86' lang='lat' dir='ltr'><strong>accipiendi</strong></span> <span class='ocrx_word' id='word_1_191' title='bbox 1990 3333 2359 3399; x_wconf 85' lang='lat' dir='ltr'><strong>conditiones</strong></span> <span class='ocrx_word' id='word_1_192' title='bbox 2382 3334 2573 3431; x_wconf 74' lang='lat' dir='ltr'><strong>justas</strong></span> <span class='ocrx_word' id='word_1_193' title='bbox 2608 3339 2669 3396; x_wconf 87' lang='lat' dir='ltr'><strong>et</strong></span> <span class='ocrx_word' id='word_1_194' title='bbox 2698 3332 2804 3397; x_wconf 90' lang='lat' dir='ltr'><strong>ho-</strong></span> 
     </span>
     <span class='ocr_line' id='line_1_23' title="bbox 421 3421 2802 3520; baseline -0.008 -21"><span class='ocrx_word' id='word_1_195' title='bbox 421 3443 640 3512; x_wconf 60' lang='lat' dir='ltr'><strong>nestas,</strong></span> <span class='ocrx_word' id='word_1_196' title='bbox 688 3438 750 3497; x_wconf 87' lang='lat' dir='ltr'><strong>et</strong></span> <span class='ocrx_word' id='word_1_197' title='bbox 799 3431 1052 3517; x_wconf 83' lang='lat' dir='ltr'><strong>amplius</strong></span> <span class='ocrx_word' id='word_1_198' title='bbox 1096 3451 1221 3495; x_wconf 90' lang='lat' dir='ltr'><strong>non</strong></span> <span class='ocrx_word' id='word_1_199' title='bbox 1270 3426 1594 3493; x_wconf 80' lang='lat' dir='ltr'><strong>rebellandi</strong></span> <span class='ocrx_word' id='word_1_200' title='bbox 1645 3425 1882 3491; x_wconf 84' lang='lat' dir='ltr'><strong>dantur.</strong></span> <span class='ocrx_word' id='word_1_201' title='bbox 1970 3421 2267 3520; x_wconf 81' lang='lat' dir='ltr'><strong>Oaeterum</strong></span> <span class='ocrx_word' id='word_1_202' title='bbox 2315 3440 2659 3519; x_wconf 64' lang='lat' dir='ltr'><strong>priusquam</strong></span> <span class='ocrx_word' id='word_1_203' title='bbox 2730 3442 2802 3517; x_wconf 70' lang='lat' dir='ltr'><strong>ax</strong></span> 
     </span>
     <span class='ocr_line' id='line_1_24' title="bbox 419 3505 2803 3599; baseline -0.008 -12"><span class='ocrx_word' id='word_1_204' title='bbox 419 3522 584 3599; x_wconf 85' lang='lat' dir='ltr'><strong>inita,</strong></span> <span class='ocrx_word' id='word_1_205' title='bbox 615 3527 676 3586; x_wconf 88' lang='lat' dir='ltr'><strong>et</strong></span> <span class='ocrx_word' id='word_1_206' title='bbox 704 3540 865 3585; x_wconf 77' lang='lat' dir='ltr'><strong>arma</strong></span> <span class='ocrx_word' id='word_1_207' title='bbox 893 3540 926 3583; x_wconf 87' lang='lat' dir='ltr'><strong>e</strong></span> <span class='ocrx_word' id='word_1_208' title='bbox 953 3516 1228 3583; x_wconf 85' lang='lat' dir='ltr'><strong>manibus</strong></span> <span class='ocrx_word' id='word_1_209' title='bbox 1280 3514 1520 3580; x_wconf 87' lang='lat' dir='ltr'><strong>dimissa</strong></span> <span class='ocrx_word' id='word_1_210' title='bbox 1570 3520 1730 3589; x_wconf 86' lang='lat' dir='ltr'><strong>sunt,</strong></span> <span class='ocrx_word' id='word_1_211' title='bbox 1775 3509 1979 3575; x_wconf 85' lang='lat' dir='ltr'><strong>Cobus</strong></span> <span class='ocrx_word' id='word_1_212' title='bbox 2008 3514 2069 3573; x_wconf 86' lang='lat' dir='ltr'><strong>ct</strong></span> <span class='ocrx_word' id='word_1_213' title='bbox 2097 3508 2197 3573; x_wconf 82' lang='lat' dir='ltr'><strong>alii</strong></span> <span class='ocrx_word' id='word_1_214' title='bbox 2225 3505 2489 3591; x_wconf 75' lang='lat' dir='ltr'><strong>Phihppi</strong></span> <span class='ocrx_word' id='word_1_215' title='bbox 2519 3505 2612 3585; x_wconf 88' lang='lat'><strong>11,</strong></span> <span class='ocrx_word' id='word_1_216' title='bbox 2724 3527 2803 3569; x_wconf 82' lang='lat' dir='ltr'><strong>is-</strong></span> 
     </span>
     <span class='ocr_line' id='line_1_25' title="bbox 422 3591 2804 3694; baseline -0.008 -21"><span class='ocrx_word' id='word_1_217' title='bbox 422 3609 732 3694; x_wconf 82' lang='lat' dir='ltr'><strong>paniarum</strong></span> <span class='ocrx_word' id='word_1_218' title='bbox 757 3605 914 3690; x_wconf 84' lang='lat' dir='ltr'><strong>regis</strong></span> <span class='ocrx_word' id='word_1_219' title='bbox 955 3604 1140 3689; x_wconf 80' lang='lat' dir='ltr'><strong>legati</strong></span> <span class='ocrx_word' id='word_1_220' title='bbox 1184 3602 1260 3667; x_wconf 83' lang='lat' dir='ltr'><strong>ad</strong></span> <span class='ocrx_word' id='word_1_221' title='bbox 1309 3601 1385 3665; x_wconf 92' lang='lat' dir='ltr'><strong>O&#39;</strong></span> <span class='ocrx_word' id='word_1_222' title='bbox 1389 3600 1452 3665; x_wconf 93' lang='lat' dir='ltr'>N</span> <span class='ocrx_word' id='word_1_223' title='bbox 1455 3600 1637 3665; x_wconf 86' lang='lat' dir='ltr'><strong>cllum</strong></span> <span class='ocrx_word' id='word_1_224' title='bbox 1665 3604 1726 3663; x_wconf 87' lang='lat' dir='ltr'><strong>et</strong></span> <span class='ocrx_word' id='word_1_225' title='bbox 1753 3593 2156 3662; x_wconf 88' lang='lat' dir='ltr'><strong>O&#39;Donellum</strong></span> <span class='ocrx_word' id='word_1_226' title='bbox 2198 3598 2611 3691; x_wconf 74' lang='lat' dir='ltr'><strong>pervenerunt,</strong></span> <span class='ocrx_word' id='word_1_227' title='bbox 2640 3591 2804 3677; x_wconf 88' lang='lat' dir='ltr'><strong>regio</strong></span> 
     </span>
     <span class='ocr_line' id='line_1_26' title="bbox 425 3678 2806 3779; baseline -0.009 -19"><span class='ocrx_word' id='word_1_228' title='bbox 425 3695 669 3759; x_wconf 88' lang='lat' dir='ltr'><strong>nomine</strong></span> <span class='ocrx_word' id='word_1_229' title='bbox 712 3692 990 3779; x_wconf 85' lang='lat' dir='ltr'><strong>jubentes</strong></span> <span class='ocrx_word' id='word_1_230' title='bbox 1040 3689 1291 3757; x_wconf 84' lang='lat' dir='ltr'><strong>Ibernos</strong></span> <span class='ocrx_word' id='word_1_231' title='bbox 1333 3688 1472 3753; x_wconf 81' lang='lat' dir='ltr'><strong>forti</strong></span> <span class='ocrx_word' id='word_1_232' title='bbox 1501 3687 1699 3751; x_wconf 84' lang='lat' dir='ltr'><strong>animo</strong></span> <span class='ocrx_word' id='word_1_233' title='bbox 1741 3706 1889 3761; x_wconf 85' lang='lat' dir='ltr'><strong>esse,</strong></span> <span class='ocrx_word' id='word_1_234' title='bbox 1922 3682 2242 3779; x_wconf 70' lang='lat' dir='ltr'><strong>exercituin</strong></span> <span class='ocrx_word' id='word_1_235' title='bbox 2272 3678 2390 3743; x_wconf 83' lang='lat' dir='ltr'><strong>illis</strong></span> <span class='ocrx_word' id='word_1_236' title='bbox 2420 3698 2547 3742; x_wconf 85' lang='lat' dir='ltr'><strong>sine</strong></span> <span class='ocrx_word' id='word_1_237' title='bbox 2578 3680 2743 3741; x_wconf 72' lang='lat' dir='ltr'><strong>mora</strong></span> <span class='ocrx_word' id='word_1_238' title='bbox 2770 3701 2806 3742; x_wconf 86' lang='lat' dir='ltr'><strong>a</strong></span> 
     </span>
     <span class='ocr_line' id='line_1_27' title="bbox 423 3764 2805 3867; baseline -0.009 -20"><span class='ocrx_word' id='word_1_239' title='bbox 423 3803 562 3867; x_wconf 84' lang='lat' dir='ltr'><strong>rege</strong></span> <span class='ocrx_word' id='word_1_240' title='bbox 589 3779 913 3858; x_wconf 79' lang='lat' dir='ltr'><strong>catholico,</strong></span> <span class='ocrx_word' id='word_1_241' title='bbox 944 3776 1209 3843; x_wconf 86' lang='lat' dir='ltr'><strong>subsidio</strong></span> <span class='ocrx_word' id='word_1_242' title='bbox 1237 3773 1596 3840; x_wconf 84' lang='lat' dir='ltr'><strong>mittendum</strong></span> <span class='ocrx_word' id='word_1_243' title='bbox 1623 3793 1768 3835; x_wconf 87' lang='lat' dir='ltr'><strong>esse.</strong></span> <span class='ocrx_word' id='word_1_244' title='bbox 1860 3768 2001 3839; x_wconf 60' lang='lat' dir='ltr'><strong>Qua</strong></span> <span class='ocrx_word' id='word_1_245' title='bbox 2025 3767 2319 3852; x_wconf 73' lang='lat' dir='ltr'><strong>legatione</strong></span> <span class='ocrx_word' id='word_1_246' title='bbox 2348 3764 2621 3829; x_wconf 80' lang='lat' dir='ltr'><strong>effectum</strong></span> <span class='ocrx_word' id='word_1_247' title='bbox 2649 3766 2805 3842; x_wconf 86' lang='lat' dir='ltr'><strong>est,†</strong></span> 
     </span>
    </p>
   </div>
   <div class='ocr_carea' id='block_1_6' title="bbox 311 3850 2806 3936">
    <p class='ocr_par' dir='ltr' id='par_1_6' title="bbox 311 3850 2806 3936">
     <span class='ocr_line' id='line_1_28' title="bbox 311 3850 2806 3936; baseline -0.008 -1"><span class='ocrx_word' id='word_1_248' title='bbox 311 3866 316 3871; x_wconf 71' lang='grc'><em>’</em></span> <span class='ocrx_word' id='word_1_249' title='bbox 423 3875 494 3934; x_wconf 93' lang='lat' dir='ltr'><strong>ut</strong></span> <span class='ocrx_word' id='word_1_250' title='bbox 521 3867 595 3933; x_wconf 89' lang='lat' dir='ltr'><strong>de</strong></span> <span class='ocrx_word' id='word_1_251' title='bbox 621 3863 1059 3933; x_wconf 83' lang='lat' dir='ltr'><strong>conditionibus</strong></span> <span class='ocrx_word' id='word_1_252' title='bbox 1107 3860 1350 3927; x_wconf 71' lang='lat' dir='ltr'><strong>minime</strong></span> <span class='ocrx_word' id='word_1_253' title='bbox 1397 3858 1756 3936; x_wconf 87' lang='lat' dir='ltr'><strong>convenerit,</strong></span> <span class='ocrx_word' id='word_1_254' title='bbox 1786 3861 1848 3921; x_wconf 86' lang='lat' dir='ltr'><strong>et</strong></span> <span class='ocrx_word' id='word_1_255' title='bbox 1888 3853 2111 3920; x_wconf 85' lang='lat' dir='ltr'><strong>bellum</strong></span> <span class='ocrx_word' id='word_1_256' title='bbox 2160 3850 2441 3935; x_wconf 88' lang='lat' dir='ltr'><strong>utrinque</strong></span> <span class='ocrx_word' id='word_1_257' title='bbox 2485 3851 2564 3916; x_wconf 84' lang='lat' dir='ltr'><strong>sit</strong></span> <span class='ocrx_word' id='word_1_258' title='bbox 2612 3850 2806 3915; x_wconf 86' lang='lat' dir='ltr'><strong>redin-</strong></span> 
     </span>
    </p>
   </div>
   <div class='ocr_carea' id='block_1_7' title="bbox 423 3936 2948 4129">
    <p class='ocr_par' dir='ltr' id='par_1_7' title="bbox 423 3936 2948 4129">
     <span class='ocr_line' id='line_1_29' title="bbox 423 3936 2805 4042; baseline -0.01 -20"><span class='ocrx_word' id='word_1_259' title='bbox 423 3962 738 4042; x_wconf 81' lang='lat' dir='ltr'><strong>tegratum.</strong></span> <span class='ocrx_word' id='word_1_260' title='bbox 827 3950 1244 4027; x_wconf 81' lang='lat' dir='ltr'><strong>O&#39;Hanlonus,</strong></span> <span class='ocrx_word' id='word_1_261' title='bbox 1277 3948 1419 4012; x_wconf 82' lang='lat' dir='ltr'><strong>Mac</strong></span> <span class='ocrx_word' id='word_1_262' title='bbox 1459 3946 1725 4030; x_wconf 77' lang='lat' dir='ltr'><strong>Engusa,</strong></span> <span class='ocrx_word' id='word_1_263' title='bbox 1757 3948 1828 4041; x_wconf 42' lang='grc' dir='ltr'><strong>φῦ.</strong></span> <span class='ocrx_word' id='word_1_264' title='bbox 1845 3947 1975 4006; x_wconf 85' lang='lat' dir='ltr'><strong>tota</strong></span> <span class='ocrx_word' id='word_1_265' title='bbox 1995 3938 2247 4040; x_wconf 75' lang='lat' dir='ltr'><strong>Ultonia</strong></span> <span class='ocrx_word' id='word_1_266' title='bbox 2272 3942 2487 4023; x_wconf 79' lang='lat' dir='ltr'><strong>praeter</strong></span> <span class='ocrx_word' id='word_1_267' title='bbox 2513 3936 2805 4035; x_wconf 70' lang='lat' dir='ltr'><strong>praesidia,</strong></span> 
     </span>
     <span class='ocr_line' id='line_1_30' title="bbox 425 4021 2948 4129; baseline -0.008 -21"><span class='ocrx_word' id='word_1_268' title='bbox 425 4064 558 4128; x_wconf 78' lang='lat' dir='ltr'><strong>quie</strong></span> <span class='ocrx_word' id='word_1_269' title='bbox 585 4040 736 4129; x_wconf 81' lang='lat' dir='ltr'><strong>regii</strong></span> <span class='ocrx_word' id='word_1_270' title='bbox 761 4036 1045 4105; x_wconf 84' lang='lat' dir='ltr'><strong>tenebant</strong></span> <span class='ocrx_word' id='word_1_271' title='bbox 1073 4043 1133 4101; x_wconf 90' lang='lat' dir='ltr'><strong>et</strong></span> <span class='ocrx_word' id='word_1_272' title='bbox 1162 4032 1646 4120; x_wconf 85' lang='lat' dir='ltr'><strong>Auglo·1bernos</strong></span> <span class='ocrx_word' id='word_1_273' title='bbox 1677 4028 1883 4095; x_wconf 82' lang='lat' dir='ltr'><strong>Unhae</strong></span> <span class='ocrx_word' id='word_1_274' title='bbox 1913 4034 2344 4113; x_wconf 78' lang='lat' dir='ltr'><strong>conspirarunt.</strong></span> <span class='ocrx_word' id='word_1_275' title='bbox 2433 4021 2513 4089; x_wconf 93' lang='lat' dir='ltr'><strong>In</strong></span> <span class='ocrx_word' id='word_1_276' title='bbox 2541 4022 2808 4109; x_wconf 66' lang='lat' dir='ltr'><strong>Lageina</strong></span> <span class='ocrx_word' id='word_1_277' title='bbox 2940 4102 2948 4113; x_wconf 29' lang='grc' dir='ltr'>ι</span> 
     </span>
    </p>
   </div>
   <div class='ocr_carea' id='block_1_8' title="bbox 423 4116 2807 4297">
    <p class='ocr_par' dir='ltr' id='par_1_8' title="bbox 423 4116 2807 4297">
     <span class='ocr_line' id='line_1_31' title="bbox 423 4116 1980 4195; baseline -0.011 1"><span class='ocrx_word' id='word_1_278' title='bbox 423 4128 646 4195; x_wconf 86' lang='lat' dir='ltr'><strong>bellum</strong></span> <span class='ocrx_word' id='word_1_279' title='bbox 676 4126 842 4194; x_wconf 84' lang='lat' dir='ltr'><strong>ardet</strong></span> <span class='ocrx_word' id='word_1_280' title='bbox 869 4132 932 4193; x_wconf 87' lang='lat' dir='ltr'><strong>et</strong></span> <span class='ocrx_word' id='word_1_281' title='bbox 957 4122 1302 4191; x_wconf 83' lang='lat' dir='ltr'><strong>Connachta</strong></span> <span class='ocrx_word' id='word_1_282' title='bbox 1331 4126 1456 4185; x_wconf 88' lang='lat' dir='ltr'><strong>erat</strong></span> <span class='ocrx_word' id='word_1_283' title='bbox 1484 4116 1726 4183; x_wconf 72' lang='lat' dir='ltr'><strong>minime</strong></span> <span class='ocrx_word' id='word_1_284' title='bbox 1797 4122 1980 4181; x_wconf 84' lang='lat' dir='ltr'><strong>acata.</strong></span> 
     </span>
     <span class='ocr_line' id='line_1_32' title="bbox 511 4194 2807 4297; baseline -0.01 -15"><span class='ocrx_word' id='word_1_285' title='bbox 511 4219 604 4282; x_wconf 88' lang='lat' dir='ltr'><strong>Ac</strong></span> <span class='ocrx_word' id='word_1_286' title='bbox 632 4213 958 4279; x_wconf 88' lang='lat' dir='ltr'><strong>O’Nellum</strong></span> <span class='ocrx_word' id='word_1_287' title='bbox 1008 4209 1248 4297; x_wconf 86' lang='lat' dir='ltr'><strong>quidem</strong></span> <span class='ocrx_word' id='word_1_288' title='bbox 1303 4204 1639 4273; x_wconf 76' lang='lat' dir='ltr'><strong>Ardmacha</strong></span> <span class='ocrx_word' id='word_1_289' title='bbox 1687 4226 1762 4271; x_wconf 88' lang='lat' dir='ltr'><strong>ur</strong></span> <span class='ocrx_word' id='word_1_290' title='bbox 1803 4226 1835 4268; x_wconf 86' lang='lat' dir='ltr'><strong>s</strong></span> <span class='ocrx_word' id='word_1_291' title='bbox 1883 4222 2049 4268; x_wconf 84' lang='lat' dir='ltr'><strong>sacra</strong></span> <span class='ocrx_word' id='word_1_292' title='bbox 2097 4196 2173 4263; x_wconf 86' lang='lat' dir='ltr'><strong>ab</strong></span> <span class='ocrx_word' id='word_1_293' title='bbox 2202 4194 2495 4263; x_wconf 79' lang='lat' dir='ltr'><strong>hoereticis</strong></span> <span class='ocrx_word' id='word_1_294' title='bbox 2520 4195 2807 4261; x_wconf 84' lang='lat' dir='ltr'><strong>containi-</strong></span> 
     </span>
    </p>
   </div>
   <div class='ocr_carea' id='block_1_9' title="bbox 429 4449 2812 4825">
    <p class='ocr_par' dir='ltr' id='par_1_9' title="bbox 429 4449 2812 4755">
     <span class='ocr_line' id='line_1_33' title="bbox 497 4449 2809 4531; baseline -0.008 -5"><span class='ocrx_word' id='word_1_295' title='bbox 497 4474 524 4499; x_wconf 76' lang='lat'><em>⁶</em></span> <span class='ocrx_word' id='word_1_296' title='bbox 555 4470 705 4525; x_wconf 84' lang='lat' dir='ltr'><strong>June</strong></span> <span class='ocrx_word' id='word_1_297' title='bbox 727 4470 818 4531; x_wconf 81' lang='lat'><strong>29,</strong></span> <span class='ocrx_word' id='word_1_298' title='bbox 848 4469 1001 4521; x_wconf 78' lang='lat'><strong>159⁵.</strong></span> <span class='ocrx_word' id='word_1_299' title='bbox 1075 4463 1132 4517; x_wconf 89' lang='lat' dir='ltr'><strong>It</strong></span> <span class='ocrx_word' id='word_1_300' title='bbox 1156 4480 1266 4517; x_wconf 76' lang='lat' dir='ltr'><strong>was</strong></span> <span class='ocrx_word' id='word_1_301' title='bbox 1308 4456 1614 4529; x_wconf 79' lang='lat' dir='ltr'><strong>manifestly</strong></span> <span class='ocrx_word' id='word_1_302' title='bbox 1638 4457 1746 4511; x_wconf 85' lang='lat' dir='ltr'><strong>this</strong></span> <span class='ocrx_word' id='word_1_303' title='bbox 1769 4463 2063 4510; x_wconf 79' lang='lat' dir='ltr'><strong>rencontre</strong></span> <span class='ocrx_word' id='word_1_304' title='bbox 2104 4454 2227 4509; x_wconf 71' lang='lat' dir='ltr'><strong>that</strong></span> <span class='ocrx_word' id='word_1_305' title='bbox 2262 4468 2383 4505; x_wconf 89' lang='lat' dir='ltr'><strong>com</strong></span> <span class='ocrx_word' id='word_1_306' title='bbox 2452 4449 2563 4505; x_wconf 79' lang='lat' dir='ltr'><strong>ned</strong></span> <span class='ocrx_word' id='word_1_307' title='bbox 2586 4450 2809 4507; x_wconf 78' lang='lat' dir='ltr'><strong>Russell</strong></span> 
     </span>
     <span class='ocr_line' id='line_1_34' title="bbox 430 4522 2812 4605; baseline -0.009 -9"><span class='ocrx_word' id='word_1_308' title='bbox 430 4542 537 4596; x_wconf 73' lang='lat' dir='ltr'><strong>aud</strong></span> <span class='ocrx_word' id='word_1_309' title='bbox 561 4541 761 4595; x_wconf 79' lang='lat' dir='ltr'><strong>Nori-is</strong></span> <span class='ocrx_word' id='word_1_310' title='bbox 785 4548 845 4592; x_wconf 84' lang='lat' dir='ltr'><strong>to</strong></span> <span class='ocrx_word' id='word_1_311' title='bbox 867 4546 1062 4592; x_wconf 79' lang='lat' dir='ltr'><strong>return</strong></span> <span class='ocrx_word' id='word_1_312' title='bbox 1086 4534 1194 4588; x_wconf 78' lang='lat' dir='ltr'><strong>and</strong></span> <span class='ocrx_word' id='word_1_313' title='bbox 1219 4530 1410 4603; x_wconf 79' lang='lat' dir='ltr'><strong>fortify</strong></span> <span class='ocrx_word' id='word_1_314' title='bbox 1436 4528 1704 4601; x_wconf 78' lang='lat' dir='ltr'><strong>Armagh,</strong></span> <span class='ocrx_word' id='word_1_315' title='bbox 1727 4527 1871 4581; x_wconf 76' lang='lat' dir='ltr'><strong>aster</strong></span> <span class='ocrx_word' id='word_1_316' title='bbox 1911 4525 2113 4595; x_wconf 76' lang='lat' dir='ltr'><strong>having</strong></span> <span class='ocrx_word' id='word_1_317' title='bbox 2155 4523 2347 4579; x_wconf 81' lang='lat' dir='ltr'><strong>march</strong></span> <span class='ocrx_word' id='word_1_318' title='bbox 2440 4540 2543 4577; x_wconf 80' lang='lat' dir='ltr'><strong>one</strong></span> <span class='ocrx_word' id='word_1_319' title='bbox 2568 4522 2695 4577; x_wconf 81' lang='lat' dir='ltr'><strong>mile</strong></span> <span class='ocrx_word' id='word_1_320' title='bbox 2718 4522 2812 4605; x_wconf 72' lang='lat' dir='ltr'><strong>lie-</strong></span> 
     </span>
     <span class='ocr_line' id='line_1_35' title="bbox 429 4594 2809 4685; baseline -0.008 -20"><span class='ocrx_word' id='word_1_321' title='bbox 429 4614 572 4685; x_wconf 75' lang='lat' dir='ltr'><strong>yond</strong></span> <span class='ocrx_word' id='word_1_322' title='bbox 593 4613 657 4665; x_wconf 81' lang='lat' dir='ltr'><strong>it.</strong></span> <span class='ocrx_word' id='word_1_323' title='bbox 735 4612 863 4672; x_wconf 62' lang='grc' dir='ltr'><strong>σοι,</strong></span> <span class='ocrx_word' id='word_1_324' title='bbox 888 4626 942 4682; x_wconf 86' lang='lat' dir='ltr'><strong>p.</strong></span> <span class='ocrx_word' id='word_1_325' title='bbox 961 4609 1086 4667; x_wconf 80' lang='lat'><strong>407.</strong></span> <span class='ocrx_word' id='word_1_326' title='bbox 1157 4605 1308 4659; x_wconf 71' lang='lat' dir='ltr'><strong>Fom-</strong></span> <span class='ocrx_word' id='word_1_327' title='bbox 1331 4602 1592 4662; x_wconf 62' lang='lat' dir='ltr'><strong>Manen,</strong></span> <span class='ocrx_word' id='word_1_328' title='bbox 1615 4617 1669 4669; x_wconf 89' lang='lat' dir='ltr'><strong>p.</strong></span> <span class='ocrx_word' id='word_1_329' title='bbox 1704 4600 1861 4660; x_wconf 82' lang='grc'><strong>1969,</strong></span> <span class='ocrx_word' id='word_1_330' title='bbox 1884 4597 2007 4651; x_wconf 77' lang='lat' dir='ltr'><strong>who</strong></span> <span class='ocrx_word' id='word_1_331' title='bbox 2032 4596 2105 4649; x_wconf 90' lang='lat' dir='ltr'><strong>do</strong></span> <span class='ocrx_word' id='word_1_332' title='bbox 2127 4602 2247 4658; x_wconf 82' lang='lat' dir='ltr'><strong>not,</strong></span> <span class='ocrx_word' id='word_1_333' title='bbox 2269 4594 2544 4657; x_wconf 80' lang='lat' dir='ltr'><strong>however,</strong></span> <span class='ocrx_word' id='word_1_334' title='bbox 2568 4600 2809 4651; x_wconf 83' lang='lat' dir='ltr'><strong>mention</strong></span> 
     </span>
     <span class='ocr_line' id='line_1_36' title="bbox 431 4663 2699 4755; baseline -0.009 -17"><span class='ocrx_word' id='word_1_335' title='bbox 431 4700 534 4755; x_wconf 67' lang='lat' dir='ltr'><strong>any</strong></span> <span class='ocrx_word' id='word_1_336' title='bbox 557 4682 745 4745; x_wconf 73' lang='lat' dir='ltr'><strong>battle,</strong></span> <span class='ocrx_word' id='word_1_337' title='bbox 769 4688 962 4751; x_wconf 80' lang='lat' dir='ltr'><strong>except</strong></span> <span class='ocrx_word' id='word_1_338' title='bbox 985 4678 1108 4732; x_wconf 77' lang='lat' dir='ltr'><strong>that</strong></span> <span class='ocrx_word' id='word_1_339' title='bbox 1131 4676 1226 4737; x_wconf 74' lang='lat' dir='ltr'><strong>the</strong></span> <span class='ocrx_word' id='word_1_340' title='bbox 1252 4674 1398 4729; x_wconf 86' lang='lat' dir='ltr'><strong>Irish</strong></span> <span class='ocrx_word' id='word_1_341' title='bbox 1421 4670 1662 4744; x_wconf 81' lang='lat' dir='ltr'><strong>pnrsued</strong></span> <span class='ocrx_word' id='word_1_342' title='bbox 1687 4668 1780 4723; x_wconf 82' lang='lat' dir='ltr'><strong>the</strong></span> <span class='ocrx_word' id='word_1_343' title='bbox 1804 4685 1995 4742; x_wconf 74' lang='lat' dir='ltr'><strong>enemy</strong></span> <span class='ocrx_word' id='word_1_344' title='bbox 2020 4674 2081 4723; x_wconf 80' lang='lat' dir='ltr'><strong>to</strong></span> <span class='ocrx_word' id='word_1_345' title='bbox 2104 4666 2199 4721; x_wconf 77' lang='lat' dir='ltr'><strong>the</strong></span> <span class='ocrx_word' id='word_1_346' title='bbox 2222 4671 2378 4739; x_wconf 65' lang='lat' dir='ltr'><strong>gates</strong></span> <span class='ocrx_word' id='word_1_347' title='bbox 2396 4663 2461 4721; x_wconf 72' lang='lat' dir='ltr'><strong>of</strong></span> <span class='ocrx_word' id='word_1_348' title='bbox 2479 4664 2699 4739; x_wconf 74' lang='lat' dir='ltr'><strong>Newry.</strong></span> 
     </span>
    </p>

    <p class='ocr_par' dir='ltr' id='par_1_10' title="bbox 503 4748 1324 4825">
     <span class='ocr_line' id='line_1_37' title="bbox 503 4748 1324 4825; baseline -0.013 -14"><span class='ocrx_word' id='word_1_349' title='bbox 503 4750 542 4811; x_wconf 74' lang='lat'><em>†</em></span> <span class='ocrx_word' id='word_1_350' title='bbox 579 4752 718 4815; x_wconf 84' lang='lat' dir='ltr'><strong>Oox,</strong></span> <span class='ocrx_word' id='word_1_351' title='bbox 741 4770 794 4825; x_wconf 88' lang='lat' dir='ltr'><strong>p.</strong></span> <span class='ocrx_word' id='word_1_352' title='bbox 821 4754 948 4815; x_wconf 76' lang='lat'><strong>410,</strong></span> <span class='ocrx_word' id='word_1_353' title='bbox 975 4748 1117 4805; x_wconf 76' lang='lat' dir='ltr'><strong>A.D.</strong></span> <span class='ocrx_word' id='word_1_354' title='bbox 1147 4749 1282 4802; x_wconf 81' lang='lat'>1596</span> <span class='ocrx_word' id='word_1_355' title='bbox 1300 4752 1324 4799; x_wconf 80' lang='lat'><strong>?</strong></span> 
     </span>
    </p>
   </div>
   <div class='ocr_carea' id='block_1_10' title="bbox 773 4826 854 4889">
    <p class='ocr_par' dir='ltr' id='par_1_11' title="bbox 773 4826 854 4889">
     <span class='ocr_line' id='line_1_38' title="bbox 773 4826 854 4889; baseline -0.025 0"><span class='ocrx_word' id='word_1_356' title='bbox 773 4826 854 4889; x_wconf 79' lang='lat'><strong>23</strong></span> 
     </span>
    </p>
   </div>
  </div>
 </body>
</html>
