3634 5842
947 1533 1288 1636 DOMINI
1337 1534 1762 1637 PHILIPPI
1813 1532 2422 1635 O’SULLEVANI
2506 1536 2873 1633 BEARRI
2942 1536 3311 1633 IBERNI.

1695 1780 1917 1847 TOMI
1978 1780 2071 1845 11.
2138 1779 2398 1846 LIBER
2438 1780 2532 1846 H.

1527 2010 1937 2063 nmncAE
1968 2008 2418 2063 TYRANNIDIS
2452 2009 2734 2062 SUMMA.

928 2200 1446 2273 Qunmmaonun
1495 2202 1732 2289 Angliae
1779 2222 1948 2287 reges
1998 2222 2136 2266 cum
2170 2201 2461 2268 Catholici
2502 2202 2766 2283 suerunt,
2796 2203 3057 2273 Iberniae
3088 2210 3303 2294 guber.

926 2290 1208 2355 naculum
1251 2292 1430 2370 nacti,
1477 2289 1903 2378 rempublicam
1952 2290 2141 2373 magis
2188 2289 2504 2355 everterint
2546 2290 2726 2375 quam
2753 2290 2924 2357 bonis
2950 2292 3185 2379 legibus
3212 2300 3303 2363 in-

925 2376 1324 2457 formaverint,
1355 2378 1774 2465 expedivimus.
1862 2374 2047 2440 Nunc
2092 2380 2231 2461 apta
2280 2376 2455 2441 series
2482 2376 2917 2443 referendarum
2944 2402 3143 2448 rerum
3168 2407 3305 2470 pos-

925 2461 1100 2543 tulat,
1143 2469 1214 2529 ut
1259 2465 1584 2530 orationem
1628 2468 1925 2529 vertamus
1975 2460 2050 2526 ad
2096 2484 2191 2526 eas
2243 2462 2601 2528 calamitates
2648 2465 3002 2546 tractandae,
3056 2492 3203 2555 quas
3232 2473 3309 2535 iis

924 2550 1416 2704 zzfflffiffff
1441 2551 1787 2705 ‘efflffi
1813 2547 3063 2791 ”gffffltgz>1}azzfflffiffiffx¹3÷oesse⁰³30ffl
3067 2556 3305 2708 ’Ψ

926 2724 1112 2810 Angli
1139 2660 1349 2791 ingililde
1375 2660 1568 2791 Cffiho
1595 2726 1686 2791 ica
1715 2658 1877 2803 vagi,
1907 2721 2138 2801 lubrici,
2155 2724 2593 2803 inconstantes3
2640 2688 2861 2805 contra’,
2931 2666 3305 2810 bernisffmeij

923 2810 1184 2892 stabiles,
1235 2812 1378 2893 fidi,
1445 2820 1507 2879 et
1556 2810 1853 2899 quomodo
1903 2816 2221 2896 praesentes
2270 2810 2520 2876 haereses
2578 2816 2714 2897 post
2764 2811 3008 2878 infectas
3050 2836 3299 2902 magnas

921 2896 1082 2963 orbis
1110 2898 1431 2965 Christiani
1458 2909 1652 3000 partes
1680 2896 1962 2983 Angliam
2010 2896 2350 2974 invaserint,
2380 2901 2442 2961 et
2468 2918 2670 2961 earum
2696 2897 2796 2963 lue
2824 2898 3075 2966 Ibernos
3102 2905 3297 2989 inqui·

920 3006 1081 3063 nare,
1141 2988 1374 3051 cunctis
1429 2987 1653 3053 viribus
1710 2984 1896 3069 Angli
1950 2985 2237 3061 nitantur,
2268 2982 2473 3048 addita
2516 2984 2593 3048 ad
2640 2984 2819 3049 finem
2858 2984 2995 3052 libri
3040 2991 3301 3074 generali

923 3070 1176 3169 quadam
1225 3073 1648 3159 persecutionis
1711 3070 1994 3165 relatione
2037 3069 2175 3135 utili
2222 3068 2297 3134 ad
2344 3070 2714 3155 sequentium
2762 3070 3049 3139 librorum
3092 3080 3297 3163 cogni-

755 3162 900 3233 [66·]
924 3160 1142 3239 nonen

1687 3400 2147 3409 μ--ῌ-..ύ--ῇ
2163 3402 2259 3407 ..ι---
2294 3402 2315 3407 -
2332 3402 2364 3407 --

1946 3588 2128 3653 ΟΑΡ.
2176 3586 2231 3652 Ι.

1302 3773 1499 3841 Quam,
1527 3773 1637 3829 sint
1659 3772 1827 3845 Angli
1850 3769 2062 3826 lubrica
2082 3779 2140 3825 et
2162 3770 2348 3827 [berni
2372 3770 2552 3825 stabili
2576 3770 2858 3843 religione.

913 3948 1110 4021 Qum
1157 3946 1235 4013 sit
1283 3946 1528 4032 Angliae
1575 3966 1831 4033 regnum
1878 3945 2162 4032 religione
2210 3945 2572 4023 inconstans,
2600 3944 2881 4010 novitatis
2930 3942 3283 4021 studiosum,

911 4033 1208 4101 erroribus
1236 4031 1690 4099 contaminabile
1724 4032 1822 4097 vel
1869 4032 1940 4097 eb
1989 4038 2187 4117 potest
2234 4030 2433 4117 colligi
2476 4030 2639 4115 quod
2664 4030 2849 4116 Angli
2878 4036 3191 4116 postquam
3218 4030 3283 4094 in

909 4121 1378 4189 Christianorum
1426 4118 1627 4183 album
1676 4140 1894 4184 nomen
1923 4118 2234 4197 dederunt,
2262 4140 2366 4203 per
2391 4117 2614 4203 primos
2640 4118 2785 4203 quin
2864 4124 3019 4195 ntos,
3050 4123 3285 4203 septua-

954 4210 967 4223 '
1013 4216 1076 4275 ta
1106 4207 1370 4295 quinque
1397 4226 1587 4270 annos
1607 4205 1843 4290 septies,
1875 4204 1971 4270 vel
1998 4228 2070 4269 ex
2112 4226 2327 4291 magna
2394 4210 2519 4269 arte
2546 4203 2767 4269 fuerint
2844 4203 3114 4269 atholicoe
3144 4202 3283 4268 fidei

947 4301 1250 4373 esertores,
1281 4298 1353 4357 ut
1379 4314 1454 4358 ex
1501 4290 1916 4357 Ecclesiastica
1944 4290 2213 4356 Historia
2240 4290 2331 4357 Be
2372 4314 2422 4356 ae
2451 4290 2817 4371 venerabilis,
2848 4296 2909 4356 et
2937 4290 3126 4355 sancti
3170 4290 3281 4355 viri

901 4383 946 4448 li
985 4382 1130 4448 uido
1157 4384 1408 4447 constat.

948 4405 1291 4555 qPrincipio
1361 4464 1560 4531 uidem
1589 4462 1821 4529 circiter
1862 4485 2089 4529 annum
2138 4465 2523 4530 centesimum
2565 4462 3119 4550 quinquagesimum
3146 4484 3281 4528 sex·-

905 4561 1036 4619 tum
1065 4554 1138 4619 ab
1169 4561 1306 4620 ortu
1434 4552 1557 4617 utis
1583 4556 1823 4630 nostrae,
1852 4550 2093 4633 Christi,
2114 4551 2459 4619 Eleutherio
2480 4550 2769 4617 Pontifice
2796 4572 3049 4629 summe,
3073 4548 3281 4615 Marco

847 4663 864 4673 ·
903 4641 1171 4706 Antonio
1215 4640 1394 4719 Vero,
1445 4647 1505 4705 et
1553 4638 1796 4704 Aurelio
1822 4637 2150 4704 Commodo
2194 4637 2473 4704 tratribus
2501 4638 2815 4724 imperium
2843 4636 3279 4715 obtinentibus,

904 4726 1124 4811 Anglia
1151 4748 1288 4810 rege
1335 4748 1443 4792 suo
1491 4724 1682 4791 Lucio
1725 4724 1843 4790 fuit
1886 4725 2023 4791 fidei
2074 4725 2382 4813 splendore
2426 4726 2680 4811 perfusa.
2770 4723 2888 4790 Sed
2916 4722 3277 4789 Diocletiani
