3634 5842
409 725 545 771 car.
577 705 671 790 m]
821 723 906 768 nr.
934 721 1373 782 PARLAMENTO,
1406 717 1643 774 Qum‘ro
1672 722 2159 768 rsnsscunoms
2189 689 2477 768 ueneno.
2653 706 2778 769 319

402 878 651 932 humanas
690 876 817 931 vitae
855 874 1103 930 societati
1144 892 1343 948 magna
1374 875 1611 932 infertur
1652 875 1934 942 molestia3
1973 875 2288 946 nosmetipsi
2312 876 2497 946 praeda
2535 876 2783 946 abjectis,

404 957 567 1021 atque
615 947 847 1002 sordidis
886 946 1212 1008 hominibus,
1255 947 1344 1017 qui
1394 965 1635 1018 succum,
1678 955 1736 1002 et
1780 947 2122 1001 dulcedinem
2169 953 2486 1001 nostrorum
2533 947 2784 1016 laborum

403 1020 721 1082 hauserunt,
745 1018 876 1073 facti
902 1035 1105 1072 sumus.

480 1113 616 1174 Ques
642 1111 821 1165 omnia
838 1109 1151 1164 obedienter
1169 1111 1539 1182 proponimus,
1558 1110 2008 1166 excellentissimo
2025 1109 2250 1194 proregi
2275 1111 2605 1182 consilioque
2627 1130 2788 1183 repu-

409 1183 605 1248 tanda3
644 1182 713 1237 ab
731 1183 1027 1253 eodemque
1051 1181 1283 1252 petimus
1308 1191 1374 1236 ut
1397 1183 1465 1236 de
1486 1182 1593 1237 illis
1618 1183 1909 1237 certiorem
1935 1181 2104 1235 saciat
2125 1198 2312 1252 regem
2337 1182 2552 1236 nomine
2577 1191 2788 1248 nostro,

406 1253 499 1326 qui
533 1253 841 1316 referimus,
881 1253 1047 1322 hujus
1087 1270 1319 1324 regnum
1364 1271 1669 1325 personam,
1695 1270 1894 1325 corpus
1919 1259 2083 1336 atque
2131 1251 2559 1322 rempublicam;
2599 1273 2788 1338 quam-

448 1343 515 1378 ue
540 1324 753 1378 difficile
776 1324 867 1387 sit,
892 1341 988 1378 seu
1011 1325 1193 1397 potius
1213 1324 1333 1378 fieri
1351 1343 1388 1377 n
1457 1332 1603 1386 ueat,
1626 1331 1693 1377 ut
1722 1340 1822 1378 nos
1845 1322 1914 1377 ab
1940 1322 2190 1393 opinione
2213 1329 2404 1376 nostra
2425 1325 2792 1379 vetustissima

448 1396 781 1450 imoveamur
802 1417 818 1462 3
857 1413 1016 1466 quam
1040 1394 1227 1458 fixum,
1252 1401 1309 1450 et
1332 1343 1691 1450 deliberatum
1713 1393 1868 1448 nobis
1893 1394 1966 1446 sit
1985 1392 2243 1456 retinere,
2268 1399 2326 1446 et
2349 1393 2528 1448 colere
2545 1403 2790 1450 nostram

410 1467 644 1538 priscam
684 1467 864 1529 fidem,
902 1473 959 1520 et
993 1465 1345 1537 religionem3
1385 1483 1545 1537 quam
1589 1483 1718 1519 vero
1742 1465 1917 1518 simile
1939 1464 2031 1528 sit,
2054 1463 2111 1516 in
2134 1471 2414 1536 posterum
2437 1464 2556 1519 fore
2579 1466 2791 1530 inutile,

410 1543 525 1592 tam
568 1536 865 1592 crudeliter
906 1537 1187 1592 nobiscum
1235 1554 1435 1608 ageret
1471 1553 1646 1607 neque
1688 1534 1832 1589 enim
1856 1541 2041 1589 tantus
2064 1535 2218 1607 rigor
2242 1534 2351 1588 alio
2375 1535 2573 1603 tendit,
2600 1537 2703 1591 nisi
2726 1545 2792 1590 ut

413 1616 623 1663 veteres
645 1609 835 1663 incolas
850 1609 1259 1679 extinguantur,
1273 1607 1595 1678 perdantur,
1616 1607 1930 1673 deleantur3
1957 1623 2146 1660 eorum
2167 1605 2456 1660 facultates
2475 1624 2792 1662 consuman-

413 1688 507 1734 tur
528 1700 546 1746 ς
586 1679 912 1750 frangantur
935 1678 1319 1743 immunitates,
1361 1679 1546 1732 odium
1587 1685 1936 1750 provocetur,
1972 1677 2219 1748 pariatur
2255 1677 2469 1745 seditio,
2519 1685 2576 1732 et
2620 1696 2791 1751 regno

414 1751 645 1820 denique
668 1749 959 1818 excidium,
984 1756 1041 1804 et
1064 1749 1318 1803 interitus
1341 1749 1661 1804 afferantur.

491 1845 599 1909 Qui
627 1845 843 1917 quidem
869 1845 1113 1908 effectus,
1140 1861 1235 1898 seu
1256 1845 1441 1917 potius
1466 1845 1731 1908 defectus,
1747 1843 1916 1929 justis
1937 1844 2148 1928 legibus
2170 1845 2547 1898 adversantur.
2623 1844 2794 1899 Nam·

415 1914 1221 2057 3355313553321330123321'53-2*
1262 1913 2796 2058 {iiii-'mpmuhssffitg*ffssiessussiifftssssiissfifflff

416 2067 473 2114 et
532 2059 827 2131 rospritate
848 2005 1384 2129 sustineatur‚⁸}’uxta
1416 2057 1716 2112 salubrium
1779 2075 1942 2128 egum
1981 2057 2385 2120 rectitudinem,
2408 2075 2564 2128 aequa
2585 2025 2796 2129 semper

416 2131 491 2185 ha
526 2131 605 2184 ita
625 2130 839 2184 ratione
856 2130 1131 2184 servandae
1144 2129 1489 2183 subditorum
1514 2129 1722 2190 salutis,
1734 2145 1769 2182 a
1786 2145 1894 2198 qua
1909 2127 2168 2200 principis
2185 2129 2348 2183 etiam
2369 2129 2530 2196 salus,
2547 2137 2604 2183 et
2618 2129 2799 2202 gloria

416 2202 672 2273 pendent,
696 2208 859 2272 atque
883 2200 1027 2254 hunc
1051 2201 1107 2254 in
1130 2200 1292 2254 finem
1314 2200 1469 2273 regia
1508 2199 1850 2272 providentia
1869 2206 2048 2270 roget,
2071 2207 2128 2252 et
2151 2199 2380 2271 abroget
2404 2201 2570 2272 leges,
2594 2201 2796 2256 rationi

418 2273 651 2327 maxime
681 2279 1101 2326 consentaneum
1139 2271 1375 2334 videtur,
1418 2273 1498 2326 ita
1538 2279 1601 2324 ut
1623 2271 1855 2342 populus
1878 2287 1984 2324 non
2010 2271 2380 2325 constituatur
2403 2279 2630 2344 propter
2653 2271 2814 2344 leges,

421 2344 833 2406 conservandas,
858 2343 953 2396 sed
974 2343 1121 2414 leges
1146 2343 1448 2396 condantur
1472 2349 1698 2413 propter
1722 2339 1954 2396 salutem
1978 2341 2163 2425 populi
2190 2341 2601 2406 defendendam,
2635 2342 2801 2412 juxta

422 2415 755 2487 ingeniosam
780 2414 933 2467 illam
972 2413 1137 2484 regim
1175 2413 1474 2483 majestatis
1513 2429 1622 2468 suae
1664 2412 2012 2483 epigraphen,
2053 2413 2369 2483 inscriptam
2394 2413 2450 2466 in
2473 2413 2570 2467 illo
2593 2415 2799 2484 optimo

422 2486 764 2548 numismate,
822 2501 995 2568 nuper
1035 2501 1233 2537 excuso
1280 2491 1567 2554 postquam
1611 2483 1719 2536 duo
1762 2482 1976 2553 Angliae
2012 2489 2069 2535 et
2129 2482 2320 2536 Scotia
2374 2501 2566 2555 regna,
2625 2485 2682 2537 in
2742 2501 2800 2538 se

424 2555 729 2621 conciliata,
778 2571 993 2608 nomme
1034 2554 1280 2626 gaudent
1328 2553 1543 2625 Magne
1590 2552 1891 2606 Britanniae
1911 2574 1923 2605 ε
1986 2552 2132 2605 salus
2178 2553 2368 2624 populi
2413 2571 2668 2625 suprema
2711 2555 2800 2608 lex

425 2634 563 2688 esto,
587 2643 696 2709 qua
718 2625 1071 2696 significatur,
1095 2623 1245 2695 pacis
1270 2623 1752 2686 conservationem,
1768 2629 1827 2676 et
1850 2622 2036 2692 populi
2061 2623 2310 2686 salutem,
2329 2623 2595 2678 bonarum
2620 2625 2802 2696 legum

424 2696 755 2822 principium
776 2712 909 2762 esse,
935 2703 991 2749 et
1012 2695 1192 2778 finem.
1266 2695 1352 2748 Ac
1392 2711 1491 2747 nos
1533 2693 1750 2777 quidem
1791 2693 2106 2775 congregati
2149 2711 2333 2747 sumus
2371 2695 2427 2747 in
2457 2695 2804 2778 ‘pat-lamento

466 2785 533 2822 oc
559 2767 783 2820 diversae
804 2773 1012 2838 gentes.
1088 2765 1201 2819 Ahi
1224 2783 1409 2819 sumus
1445 2763 1633 2818 Iberm
1675 2769 1803 2818 ortu
1843 2763 2023 2827 simul,
2048 2770 2104 2817 et
2125 2780 2363 2836 genere3
2402 2765 2492 2818 alu
2535 2772 2665 2819 ortu
2688 2773 2806 2820 tan-

428 2847 568 2904 tum,
611 2855 720 2891 non
755 2855 990 2909 genere3
1028 2837 1120 2890 alii
1162 2854 1193 2890 e
1231 2845 1425 2891 contra
1462 2851 1677 2908 genese,
1716 2851 1826 2887 non
1865 2841 2030 2902 ortu;
2067 2834 2160 2888 alii
2196 2835 2427 2906 denique
2462 2843 2679 2900 neutro,
2703 2854 2803 2891 nec

427 2927 645 2982 genere,
667 2926 767 2962 nec
792 2916 937 2972 ortu,
963 2907 1058 2961 sed
1073 2907 1423 2962 habitatione.
1502 2906 1639 2970 Quoe
1656 2904 1972 2960 differentia
1988 2905 2225 2977 generis,
2242 2913 2416 2970 ortus,
2433 2907 2804 2972 habitationis,

428 2998 667 3048 morum,
689 2979 909 3052 ingenii,
932 2979 1011 3032 ita
1033 2979 1225 3033 saltem
1267 2977 1612 3042 conveniunt,
1653 2984 1710 3030 et
1750 2976 2097 3030 consentiunt
2119 2995 2322 3045 omnes,
2345 2984 2410 3032 ut
2433 2979 2526 3032 uni
2551 2996 2802 3051 supremo

468 3051 661 3123 rincipi
681 3050 949 3116 obediant,
971 3067 1133 3121 seque
1153 3050 1524 3118 submittant.fl
1596 3047 1791 3118 Neque
1810 3047 1952 3102 enim
1977 3047 2324 3103 diffidendum
2349 3055 2446 3116 est,
2469 3067 2627 3122 posse
2648 3051 2804 3106 indu·
2827 3064 3006 3133 [247‚]

429 3071 661 3177 bitatam
702 3121 1114 3189 observantiam,
1154 3129 1211 3175 et
1248 3119 1608 3176 obedientiam
1647 3120 1940 3174 consistere
1975 3137 2101 3174 cum
2125 3119 2440 3175 diversitate
2460 3121 2805 3195 religionum,

433 3201 694 3264 quantum
736 3193 807 3246 ad
843 3201 1085 3246 nostram
1126 3192 1543 3246 vetustissimam
1575 3191 1787 3246 attinet.
1862 3190 2332 3254 Quemadmodum
2374 3192 2516 3247 enim
2557 3194 2806 3248 naturale

433 3282 633 3335 corpus
655 3263 840 3318 multis
860 3263 1251 3336 heterogeneis,
1274 3271 1331 3317 ct
1354 3262 1700 3318 dissimilibus
1722 3261 1988 3334 partibus,
2012 3280 2194 3325 carne,
2219 3263 2444 3330 ossibus,
2467 3264 2806 3337 cartilagine.

434 3335 709 3398 musculis,
718 3335 1003 3405 nervisque
1014 3335 1389 3406 compositum,
1399 3353 1509 3389 una
1526 3334 1791 3388 duntaxat
1800 3333 2102 3404 perficitur,
2117 3341 2444 3398 movetur,et
2450 3336 2808 3406 gubernatur,

434 3409 619 3461 forma
634 3405 891 3470 naturali,
906 3407 1175 3458 animante
1192 3405 1400 3458 scilicet
1414 3405 1627 3477 spiritu,
1643 3404 1890 3475 partibus
1907 3405 2156 3458 omnibus
2180 3405 2502 3476 imperante;
2528 3406 2610 3460 ita
2625 3405 2809 3459 simili-

438 3487 524 3532 ter
543 3477 823 3549 politicum
842 3476 1002 3547 hujus
1024 3475 1332 3547 reipublice
1351 3492 1565 3546 corpus,
1591 3474 1814 3528 diversis
1839 3483 2091 3528 constans
2113 3475 2442 3540 nationibus,
2457 3477 2514 3529 in
2528 3476 2808 3560 religionis

436 3550 593 3611 idaea,
618 3557 673 3602 et
710 3547 907 3614 forma,
947 3546 1050 3600 hac
1090 3554 1429 3616 tempestate,
1474 3546 1922 3616 discrepantibus,
1961 3553 2144 3616 potest
2182 3546 2300 3617 regi
2342 3551 2454 3600 una
2493 3545 2809 3601 obedientias

439 3620 613 3673 civilis
654 3619 872 3672 minime
912 3618 1055 3672 fictae
1095 3617 1273 3671 forma
1312 3617 1413 3670 sub
1452 3633 1561 3669 uno
1600 3615 1737 3687 regii
1780 3615 2100 3669 diadematis
2138 3623 2353 3686 sceptro
2399 3617 2716 3672 decoratum
2753 3626 2811 3672 et

439 3698 681 3748 auctum.
756 3689 839 3743 Et
862 3689 1041 3760 quoad
1066 3687 1453 3759 professionem
1476 3693 1717 3740 nostram
1743 3685 1904 3757 longe
1941 3686 2240 3740 consultius
2263 3705 2378 3741 esse
2401 3688 2639 3752 videtur,
2663 3689 2810 3743 ferre

438 3763 579 3818 hanc
601 3759 928 3832 religionum
951 3759 1269 3812 varietatem
1316 3758 1431 3811 sine
1469 3756 1845 3811 inobedientiae
1885 3757 2146 3827 periculo,
2172 3757 2344 3812 donec
2399 3758 2652 3813 idoneum
2677 3768 2812 3814 tem-

440 3850 545 3906 pus
568 3832 737 3886 fuerit
760 3831 1022 3892 oblatum,
1046 3847 1155 3900 quo
1178 3827 1521 3900 perturbatio
1556 3827 1797 3893 sedetur,
1823 3833 1880 3881 et
1902 3828 2320 3910 repugnantium
2345 3837 2616 3884 sectarum
2639 3849 2810 3886 asser-

440 3917 593 3960 tores
616 3901 685 3956 ad
708 3901 870 3954 aliam
888 3908 1122 3954 mentem
1136 3900 1518 3961 restituantur,
1534 3897 1695 3984 quam
1710 3905 2069 3952 constantiam
2085 3906 2347 3963 nostram,
2363 3901 2492 3956 satis
2509 3903 2812 3973 probatam,

444 3973 731 4030 durissime
755 3971 1059 4025 verberare.
1138 3970 1274 4034 Quae
1297 3988 1404 4042 quo
1419 3987 1591 4042 magns
1610 3977 1922 4041 oppugnata
1935 3969 2122 4033 fuerit,
2135 3988 2200 4024 eo
2217 3971 2502 4036 illustrior,
2525 3979 2584 4027 et
2603 3974 2812 4028 firmior

444 4062 579 4116 erga
602 4042 802 4107 Deum,
825 4049 882 4096 et
903 4041 1202 4114 principem
1226 4041 1525 4114 apparebit.

520 4137 659 4200 Quae
682 4151 805 4187 cum
830 4133 910 4187 ita
931 4133 1057 4200 sint,
1079 4151 1177 4188 seu
1197 4151 1385 4188 rerum
1426 4131 1974 4186 administrandarum
1995 4131 2262 4187 rationem
2349 4141 2512 4200 ectes,
2533 4151 2630 4189 seu
2652 4135 2816 4207 regiae

446 4203 801 4282 providentia
842 4205 1062 4276 regulas
1102 4204 1497 4276 contempleris,
1535 4220 1725 4256 sanum
1750 4203 1830 4272 (ni
1855 4221 1954 4257 nos
1968 4203 2218 4328 &iidem
2241 4151 2508 4275 fallimur)
2533 4205 2818 4260 consilium

448 4289 549 4342 est,
574 4285 639 4333 ut
662 4295 786 4330 cum
810 4275 1057 4341 subditis,
1079 4275 1189 4345 qui,
1210 4276 1419 4330 tamdiu
1442 4282 1529 4328 tot
1550 4273 1933 4346 temporalium
2058 4275 2321 4329 ictionum
2364 4275 2594 4330 cumulis
2617 4275 2819 4343 obruti,

382 4400 389 4412 .
448 4369 557 4406 non
580 4355 881 4421 potuerunt
903 4348 973 4401 ad
994 4346 1289 4401 indebitam
1326 4347 1485 4400 istam
1518 4345 1866 4400 concordiam
1907 4345 2070 4408 flecti.
2099 4346 2346 4418 deinceps
2371 4346 2606 4410 suavius,
2632 4355 2688 4401 et
2705 4365 2819 4402 mo·

450 4420 693 4477 deratius
715 4429 931 4490 agatur,
955 4435 1055 4472 nec
1097 4417 1289 4472 iisdem
1331 4417 1535 4472 diutius
1576 4417 1954 4500 opprimantur
1991 4415 2180 4471 edictis
2217 4417 2656 4488 quotidianorum
2693 4436 2820 4491 gra-

448 4493 722 4549 vaminum
762 4487 1128 4544 odiosissimis.
1203 4490 1332 4553 Qua
1368 4496 1551 4543 tamen
1588 4487 1929 4560 mitigatione
1967 4487 2186 4542 minime
2220 4487 2488 4551 obstante,
2509 4490 2640 4544 satis
2663 4507 2822 4544 vexa-

450 4567 658 4619 buntur
680 4561 937 4628 subsidio,
960 4569 1017 4614 et
1056 4560 1330 4634 obsequio,
1363 4557 1528 4631 regite
1567 4558 1866 4612 ma‘estatis
1904 4557 2224 4630 benignitati
2261 4559 2318 4612 in
2355 4560 2502 4613 omni
2542 4562 2822 4616 occasione

454 4631 769 4689 satisfacere
792 4641 1066 4695 conantes,
1089 4641 1209 4688 tum
1249 4633 1491 4687 debitum
1525 4629 1629 4684 red
1669 4629 1807 4683 endo
1840 4636 1956 4682 tum
2068 4629 2144 4684 ati
2185 4629 2348 4684 animi
2375 4630 2821 4702 significationem

453 4703 762 4779 praebendo.
797 4703 962 4758 Hunc
979 4703 1145 4759 animi
1162 4703 1335 4760 nostri
1356 4719 1591 4770 sensum,
1616 4700 1826 4772 hocque
1849 4700 1997 4755 consi
2039 4719 2131 4755 um
2149 4703 2616 4772 pandere-subacti
2639 4722 2826 4760 sumus
