3634 5842
935 729 1060 791 232
1343 727 1762 793 o’suLmum
1793 744 2109 795 ms‘romAE
2140 748 2526 813 cunonem,
2556 751 2705 797 rou.
2738 752 2840 797 111.
3025 734 3183 819 [mn.
3228 756 3321 800 vr.

927 914 990 970 et
1018 906 1272 971 factione
1301 930 1363 972 se
1409 908 1620 993 recipit
1677 906 2053 988 Rothericus‚
2113 916 2175 973 et
2231 910 2489 977 Docrius
2547 912 2881 998 conjunctis
2930 914 3119 999 copiis
3144 914 3319 981 illum

927 990 1100 1059 bonis
1128 994 1402 1079 spoliant,
1434 1002 1495 1059 et
1523 996 1581 1059 ei
1629 994 1783 1059 vires
1830 996 2229 1063 contundunt.
2318 998 2498 1063 Unde
2526 997 2796 1078 efficitur,
2826 1006 2897 1065 ut
2939 1024 3013 1065 ex
3040 1002 3169 1087 ejus
3194 1003 3317 1069 fac-

925 1080 1087 1144 tione
1115 1082 1386 1159 foeminae‚
1416 1081 1606 1166 pueri,
1639 1086 1700 1145 et
1726 1082 1839 1145 viri
1866 1080 1943 1147 ad
1972 1090 2179 1166 quater
2207 1084 2387 1164 mille,
2419 1086 2574 1149 fame
2617 1087 2919 1172 perierint,
2949 1089 3195 1174 ipseque
3238 1092 3316 1155 ad

921 1168 1262 1252 pauperiem
1317 1168 1592 1233 redactus
1647 1167 1714 1232 in
1771 1166 2055 1254 Angliam
2112 1171 2351 1255 fugerit,
2403 1171 2621 1257 Anglis
2708 1174 2905 1239 minus
2964 1176 3195 1255 charus,
3254 1184 3317 1241 et

922 1262 1217 1339 acceptus,
1249 1275 1429 1340 quam
1453 1254 1876 1320 Rothericusd‘·

2514 1516 2597 1525 *—

1902 1722 2084 1789 CAP.
2129 1718 2285 1789 XII.

1587 1916 1711 1971 O'N
1715 1916 1851 1970 ellus
1874 1914 2024 1987 pacis
2048 1913 2386 1968 conditiones
2411 1910 2626 1985 accipit.

909 2090 1208 2157 anrus
1237 2097 1374 2175 post
1397 2087 1804 2176 Hispanorum
1835 2089 2091 2154 reditum
2122 2110 2190 2153 ea
2218 2088 2430 2173 hyeme
2457 2088 2736 2174 reliquias
2767 2089 3059 2154 exercitus
3090 2086 3296 2171 reficit,

909 2179 1244 2243 Samuelem
1272 2177 1600 2263 Bagnalem
1649 2175 2005 2241 Ardmachae
2035 2174 2409 2260 praesidiariis
2438 2183 2833 2241 commeatum
2863 2175 3011 2241 ferre
3036 2177 3298 2263 jubens;

905 2263 1473 2417 333001332‘3-323
1482 2263 1949 2415 05⁰1s¹1²315t⁶5³01512
1969 2268 2257 2413 ffiffiis
2277 2262 3193 2415 ῗέηῗζῖῗοὲῗωωᾈῗῗξαᾞω
3206 2266 3297 2418 31³¹

905 2446 1016 2519 tes,
1059 2460 1202 2503 mox
1252 2436 1605 2523 sclopetarii,
1651 2436 1908 2521 denique
1955 2434 2171 2499 hastati
2220 2435 2503 2521 utrinque
2552 2436 2617 2500 in
2670 2398 2933 2523 pugnam
2980 2374 3293 2524 proriiiint.

907 2523 1146 2590 Samuel
1175 2523 1505 2589 subsidium
1556 2524 1714 2602 tulit,
1745 2523 1851 2587 sed
1900 2522 2118 2587 milites
2168 2523 2579 2609 septingentos
2632 2524 2851 2603 amisit,
2897 2530 2959 2590 et
3001 2523 3297 2591 O’Nellus

903 2612 1136 2678 circiter
1179 2612 1575 2711 septuaginta.
1667 2611 1965 2695 Sequente
2014 2611 2192 2682 vel-ei·
2278 2608 2544 2674 Bluntus
2586 2610 2787 2696 copias
2817 2610 3295 2697 Anglo-Iberno-

900 2720 1035 2763 rum
1063 2698 1298 2764 auxilils
1327 2704 1528 2763 auctas
1556 2698 1622 2762 iu
1647 2696 1931 2762 Tironam
1959 2701 2178 2761 movet.
2265 2696 2639 2761 Portmorem
2683 2698 3121 2763 munimentum
3150 2721 3293 2765 rea-2-

902 2784 1138 2852 dificare
1167 2784 1365 2871 coepit,
1399 2783 1472 2849 de
1496 2806 1605 2849 suo
1636 2784 1879 2849 nomine
1906 2783 2221 2849 Caroleum
2249 2783 2689 2849 munimentum
2719 2806 3091 2869 nuncupans.
3183 2785 3292 2851 Ul·

898 2874 1085 2938 terius
1113 2872 1389 2959 progredi
1420 2870 1767 2958 prohibetur
1794 2871 1967 2937 factis
1995 2867 2071 2936 ab
2101 2868 2362 2935 O'Nello
2392 2870 2666 2936 secundis
2682 2871 2911 2957 aliquot
2938 2871 3291 2937 velitationi-

900 2958 1035 3025 bus.
1125 2959 1242 3025 Sed
1294 2957 1620 3025 O'Donelli
1664 2959 1889 3024 mortui
1938 2956 2116 3023 allato
2166 2957 2409 3037 nuncio,
2442 2956 2739 3023 O'Nellus
2790 2979 3029 3044 quoque
3079 2959 3118 3023 a
3166 2960 3289 3025 suis

901 3045 1191 3112 deseritur
1216 3067 1412 3110 rerum
1440 3044 1663 3132 inopia,
1693 3051 1754 3110 et
1804 3043 2213 3129 desperatione
2261 3045 2499 3109 coactis.
2589 3043 2792 3115 Quare
2842 3044 3290 3131 quadringentis

899 3140 1138 3197 tantum
1165 3130 1457 3197 militibus
1473 3132 1728 3217 stipatus
1745 3132 1812 3195 in
1828 3130 2257 3212 Conkeiniam‡
2284 3131 2503 3214 (Glean
2520 3130 2676 3196 chon
2696 3130 2879 3217 Kein)
2909 3133 3151 3198 densam
3169 3132 3288 3199 val-

897 3217 1017 3283 lem
1039 3240 1102 3282 se
1122 3216 1308 3297 abdit,
1330 3218 1532 3303 ibique
1561 3218 1745 3282 tutari
1767 3224 2035 3282 conatur.
2066 3217 2217 3302 Ejus
2239 3218 2562 3304 municipia
2580 3217 2653 3283 ab
2672 3218 2845 3283 hoste
2864 3218 3285 3300 incenduntur,

897 3312 960 3369 et
979 3312 1210 3390 segetes
1225 3304 1600 3384 exciduntur,
1623 3302 1877 3369 ducibus
1891 3303 2193 3382 itinerum,
2204 3309 2263 3368 et
2281 3325 2457 3390 opem
2473 3304 2673 3390 Anglo
2690 3305 3017 3371 ferentibus
3036 3305 3289 3389 Quinto,

897 3397 960 3456 et
982 3390 1248 3457 Henrico
1271 3390 1546 3455 O’Nellis
1573 3390 1618 3455 J
1618 3390 1871 3456 ohannis
1891 3390 2176 3476 principis
2192 3390 2348 3470 filiis,
2372 3413 2523 3476 quos
2538 3390 2747 3457 Tironi
2766 3392 2941 3457 multi
2963 3392 3290 3479 sequeban-

895 3483 1014 3545 tur.
1048 3477 1331 3565 Sulphur,
1351 3484 1412 3543 et
1429 3478 1811 3557 munitiones,
1832 3498 1966 3563 quoe
1984 3477 2273 3543 Patritius
2290 3476 2692 3543 O'Donnilius
2709 3479 2878 3543 firmo
2894 3481 3285 3561 munimento,

895 3570 958 3629 et
983 3565 1260 3651 praesidio
1289 3564 1680 3645 custodiebat,
1704 3564 1994 3651 jumentis
2021 3564 2303 3651 imposita
2330 3564 2405 3631 ad
2434 3565 2632 3650 regios
2668 3564 2879 3630 defert.
2970 3564 3110 3632 Hoc
3136 3574 3284 3632 tem-

894 3675 1058 3738 pore,
1089 3674 1247 3718 anno
1302 3652 1417 3717 'am
1463 3651 1775 3718 millesimo
1826 3652 2252 3718 sexcentesimo
2302 3658 2479 3717 tertio
2526 3650 2877 3717 Elisabetha
2918 3652 3157 3738 Angliae
3198 3675 3288 3719 re·

895 3739 1038 3825 gina
1066 3762 1098 3804 e
1128 3740 1251 3805 vita
1341 3740 1568 3819 acessit,
1597 3764 1635 3805 a
1681 3761 1800 3826 qua
1845 3740 2139 3819 moriente
2165 3737 2403 3824 Angliae
2439 3738 2751 3804 consilium
2784 3738 3129 3805 facultatem
3155 3762 3284 3827 per-

693 3832 869 3904 [181.]
895 3826 1157 3891 cutiendi
1187 3848 1326 3892 cum
1384 3825 1646 3892 O’Nello
1674 3825 1913 3892 foederis
1953 3825 2251 3913 impetrat.
2342 3824 2426 3891 Et
2472 3824 2615 3889 O'N
2618 3825 2768 3891 ellus
2812 3826 3111 3912 quidemst!
3176 3826 3287 3892 etsi

894 3913 1128 3979 hostem
1154 3913 1323 3979 vallis
1371 3913 1542 3979 aditu
1591 3912 1816 4000 duplici
1866 3934 2143 3999 prospera
2189 3912 2532 3979 velitatione
2562 3911 2887 3998 prohibuit,
2916 3920 3120 3979 tamen
3146 3934 3284 3978 con-

890 3999 1606 4174 :ffiffizpffffltfiss‘tss’
1626 4000 2468 4173 effiffifflsbssgffifflsssste
2484 4000 2635 4151 ἓξὲξ
2675 4000 3286 4174 ἓὲοιὲξῦξῗέἓῖξῗ

1573 4137 1593 4167 ‚
2463 4132 2469 4139 .
3254 4124 3283 4141 .

891 4174 1147 4241 ditiones
1176 4173 1457 4261 accipit.§

959 4387 984 4413 ⁸
1021 4382 1176 4437 Four
1203 4380 1462 4447 Mateta,
1487 4397 1542 4451 p.
1571 4382 1730 4445 2343,
1754 4382 1917 4446 2845,
1949 4377 2112 4436 2347.

957 4458 996 4593 ἶ
1025 4454 1498 4584 {ixlneziulieeggceim
1522 4539 1557 4574 a
1579 4520 1752 4592 valley
1775 4520 2019 4575 between
2047 4518 2235 4574 Oastle
2260 4504 2506 4575 Dawson'
2528 4519 2638 4574 and
2660 4516 2863 4590 Lough
2887 4516 3104 4590 Nesgh.

959 4596 990 4663 ξ
1025 4595 1337 4651 Submitted
1353 4594 1410 4647 in
1436 4592 1714 4647 Mellifont
1738 4591 1933 4664 Abbey
1976 4589 2177 4645 March
2200 4594 2290 4655 80,
2320 4594 2475 4645 1603.
2553 4591 2671 4646 For
2710 4590 2806 4644 the
2846 4588 2921 4643 fri
2958 4588 3107 4645 htful
3140 4604 3285 4643 mes-

886 4682 1042 4721 suros
1073 4666 1314 4738 adopted
1351 4671 1412 4719 to
1450 4670 1634 4717 star-ve
1673 4662 1758 4717 his
1791 4662 2087 4718 adher-ants
2120 4662 2239 4716 into
2264 4662 2611 4726 submissim,
2650 4678 2739 4715 see
2764 4659 2921 4715 Four
3009 4666 3205 4725 astas,
3228 4676 3285 4731 p.

885 4740 1047 4799 2345,
1071 4735 1182 4791 and
1204 4736 1490 4808 Mor-yson.
1567 4731 1829 4804 Mountjo
1887 4732 2102 4791 carried
2145 4742 2244 4788 out
2277 4741 2338 4786 to
2376 4733 2473 4787 the
2497 4732 2662 4787 letter
2686 4732 2783 4787 the
2804 4730 3137 4803 sanguina-y
3160 4730 3294 4803 plan

885 4808 1074 4862 drawn
1097 4824 1172 4877 up
1195 4807 1253 4859 in
1272 4806 1438 4861 detail
1463 4804 1533 4874 by
1556 4804 1653 4859 the
1675 4812 1805 4876 poet
1862 4822 2077 4876 pensor,
2101 4804 2159 4859 in
2181 4804 2268 4858 his
2294 4812 2334 4841 “
2352 4805 2511 4862 State
2534 4804 2601 4859 of
2630 4801 2912 4862 laland?
