3634 5842
339 754 475 799 car.
505 732 656 817 vin]
1011 754 1094 799 nr.
1137 754 1336 799 annm
1382 754 1746 805 Qumnsom
1791 756 2125 801 asnonuu.
2604 730 2727 803 223

341 907 653 985 tiverint,*
681 906 922 971 tandem
951 908 1114 973 illius
1150 908 1534 987 interfectori,
1565 908 1659 973 vel
1704 908 2121 994 deprehensori
2256 909 2436 975 ndem
2464 912 2732 997 pecuniae

335 1016 626 1058 summam
657 994 1137 1075 constituerunt3
1200 995 1349 1081 quin
1368 995 1547 1060 etiam
1576 1002 1698 1060 tam
1727 989 2072 1082 inexpiabili
2102 1020 2137 1061 o
2182 998 2239 1061 io
2270 1018 2405 1061 eum
2434 1001 2734 1083 prosecuti

339 1087 498 1159 sunt,
531 1092 601 1145 ut
627 1080 790 1145 illius
839 1082 1022 1146 etiam
1071 1082 1546 1168 consanguineos
1594 1080 1966 1160 labefactare,
2019 1106 2143 1148 non
2192 1082 2550 1149 destiterint.
2638 1086 2734 1150 Ex

333 1166 552 1252 quibus
581 1168 872 1232 Thomam
903 1168 1043 1233 Mac
1071 1168 1368 1234 Crachum
1397 1168 1680 1234 antistitis
1709 1177 1989 1255 nepotem
2040 1192 2111 1235 ex
2140 1170 2321 1236 fratre
2374 1172 2603 1237 Thema
2632 1173 2732 1239 de-

332 1254 689 1340 prehensum
719 1254 794 1319 ad
823 1254 996 1321 fidem
1029 1254 1399 1321 catholicam
1439 1256 1821 1321 deserendam
1848 1277 2080 1343 cogere,
2112 1264 2172 1322 et
2201 1259 2478 1343 praemiiS,
2510 1267 2573 1324 et
2615 1266 2732 1325 ter-

335 1362 466 1405 rore
497 1350 640 1405 sunt
669 1342 885 1406 conati.
976 1340 1112 1413 Qua
1141 1364 1248 1429 spe
1299 1343 1531 1428 dejecti,
1581 1343 1803 1428 magni,
1838 1351 1900 1407 et
1948 1343 2201 1409 maxime
2231 1344 2521 1411 Catholici
2552 1347 2735 1411 animi

335 1428 528 1492 virum
561 1428 752 1492 securi
802 1436 1240 1515 percusserunt.
1334 1429 1453 1495 Sed
1482 1430 1763 1515 quoniam
1810 1430 1877 1493 in
1923 1431 2189 1516 episcopi
2234 1432 2598 1498 mentionem
2640 1435 2733 1498 in-

334 1514 605 1593 cidimus,
637 1514 786 1580 illud
815 1516 943 1601 ejus
972 1538 1278 1602 magnum,
1326 1523 1504 1602 atque
1534 1538 1732 1581 rarum
1781 1519 1998 1582 mirum
2048 1539 2281 1603 nequeo
2320 1518 2555 1583 silentio
2584 1543 2731 1605 prae-

335 1602 531 1680 terire,
564 1602 725 1686 qued
755 1602 1216 1690 chirographum
1263 1602 1364 1668 vix
1411 1600 1563 1667 male
1609 1602 1933 1688 effingeret,
1966 1603 2143 1669 aliam
2171 1604 2314 1669 verb
2358 1628 2435 1670 ne
2473 1604 2733 1672 litteram

337 1688 580 1773 quidem
629 1710 812 1753 unam
859 1690 1022 1753 visus
1074 1690 1154 1754 sit
1197 1712 1463 1775 unquam
1515 1688 1808 1755 scribere:
1856 1712 1991 1755 cum
2045 1697 2245 1756 tamen
2280 1692 2427 1757 adeo
2458 1692 2733 1773 disertus,

336 1782 514 1860 atque
572 1776 806 1861 sapiens
865 1777 1134 1856 evaserit,
1194 1783 1267 1840 ut
1324 1776 1532 1841 doctor
1589 1777 1655 1840 in
1713 1784 1968 1861 utroque
2019 1777 2156 1862 jure
2214 1786 2445 1844 creatus
2509 1802 2732 1845 sacram

334 1862 719 1962 Theologiam
747 1863 1030 1928 Lovanias
1061 1886 1248 1928 annos
1279 1862 1508 1949 aliquot
1561 1862 1802 1950 publice
1833 1864 1911 1927 sit
1940 1866 2239 1949 professus
2276 1866 2521 1952 (quippe
2564 1874 2733 1932 tanto

335 1950 562 2034 ingenii
619 1951 910 2029 acumine,
941 1959 1184 2035 tamque
1214 1950 1370 2015 felici
1413 1951 1696 2015 memoria
1723 1949 2006 2049 pollebat,
2040 1960 2108 2015 ut
2136 1974 2215 2017 ne
2246 1952 2571 2053 discipulus
2602 1955 2733 2039 qui·
2846 2024 2853 2037 ¹

337 2034 472 2099 dem
501 2059 738 2101 necesse
789 2035 1081 2115 habuerit,
1129 2037 1444 2101 lectionem
1490 2038 1651 2102 notis
1701 2037 1999 2188 expgfere)
2031 2046 2093 2103 et
2132 2037 2207 2103 de
2236 2038 2505 2105 doctrina
2532 2040 2732 2107 Chris-

339 2124 498 2187 tiana
525 2122 794 2189 libellum
825 2123 1100 2189 Ibernice
1129 2124 1414 2209 scriptum
1467 2124 1720 2210 posteris
1850 2124 2087 2209 iquerit‚
2118 2126 2291 2211 cujus
2318 2128 2627 2213 praeceptis
2669 2128 2735 2191 in

337 2210 498 2275 hunc
527 2232 716 2296 usque
747 2211 901 2275 diem
927 2212 1214 2298 juventus
1243 2214 1307 2275 in
1339 2234 1406 2275 ea
1435 2210 1633 2275 insula
1659 2210 2015 2284 excolitur.†

1145 2470 1271 2478 —-
1289 2467 1669 2476 ————-———-·—--—
1683 2465 1988 2475 w·
2007 2464 2075 2471 ...μ-

1301 2648 1484 2713 CAP.
1533 2648 1688 2713 VII.

895 2834 932 2889 J
937 2834 1163 2889 ohannis
1189 2834 1405 2906 Aquilae
1432 2836 1696 2889 adventus
1722 2835 1777 2889 in
1805 2834 2101 2889 Iberniam.

340 3026 504 3092 HAEc
534 3024 599 3089 in
631 3020 872 3087 lbernia
901 3020 1042 3085 dum
1075 3028 1387 3107 geruntur,
1417 3020 1698 3107 Philippo
1729 3020 1858 3085 111.
1905 3020 2060 3106 Regi
2088 3020 2395 3086 Catholico
2432 3045 2588 3088 curae
2618 3024 2735 3090 fuit

338 3112 578 3179 Ibernis
606 3112 758 3175 serre
787 3130 982 3195 opem,
1013 3109 1119 3193 qui
1164 3110 1395 3194 justum
1447 3110 1770 3173 exercitum
1799 3108 2125 3195 comparari
2155 3109 2315 3187 fecit,
2348 3111 2730 3194 quemadmo-

341 3202 488 3266 dum
517 3196 832 3276 O'Nellus,
861 3204 924 3261 et
953 3194 1324 3260 O'Donellus
1353 3195 1665 3282 petierant.
1753 3194 1821 3260 Is
1852 3195 2143 3261 exercitus
2173 3216 2309 3259 eum
2337 3196 2400 3261 in
2431 3195 2733 3263 Iberniam

339 3283 722 3373 trajiciendus
750 3283 934 3349 fuisse
961 3282 1324 3368 sperabatur,
1357 3284 1518 3368 regia
1574 3282 1776 3348 classis
1804 3282 2064 3347 mittitur
2090 3282 2156 3346 in
2182 3282 2459 3348 Terceras
2485 3284 2733 3367 insulas,

339 3382 432 3455 ut,
462 3383 524 3439 et
553 3372 886 3458 Anglorum
915 3368 1110 3448 classi,
1130 3392 1263 3455 quse
1293 3392 1362 3434 eo
1393 3369 1604 3435 adiisse
1633 3369 1952 3450 serebatur,
1974 3369 2210 3434 obviam
2226 3369 2359 3450 iret,
2392 3376 2453 3436 et
2481 3373 2733 3439 navibus

341 3460 625 3529 Indicum
653 3479 886 3537 aurum,
915 3464 976 3522 et
1023 3465 1338 3541 argentum
1366 3457 1808 3543 asportantibus
1837 3458 2111 3543 praesidio
2140 3462 2313 3521 esset.
2402 3456 2540 3527 Qua
2570 3481 2734 3525 mora

343 3548 614 3625 efficitur,
645 3555 718 3609 ut
765 3544 1059 3609 exercitus
1109 3542 1366 3609 Iberniae
1415 3544 1760 3629 designatus
1810 3544 2021 3630 majori
2070 3551 2237 3629 parte
2284 3544 2362 3608 sit
2391 3544 2731 3630 dissipatus,

341 3634 636 3701 militibus
686 3629 1095 3709 morientibus,
1144 3636 1205 3695 et
1268 3630 1658 3715 fugientibus.
1747 3630 2005 3715 Reliquo
2055 3630 2361 3715 proficitur
2412 3631 2735 3716 imperator

345 3722 388 3786 J
389 3721 656 3787 ohannes
684 3718 904 3804 Aquila
955 3738 1135 3801 eques
1187 3714 1496 3803 Hispanus
1543 3718 1629 3783 rei
1679 3716 1951 3781 militaris
1999 3716 2245 3802 peritus,
2276 3719 2381 3801 qui
2426 3717 2492 3781 in
2538 3716 2733 3787 Gallia

343 3808 654 3873 Armorica
699 3813 906 3871 contra
955 3802 1182 3883 Gallos,
1229 3811 1290 3868 et
1340 3804 1572 3888 Anglos
1606 3825 1827 3888 magna
1854 3804 2075 3867 virtute
2101 3803 2381 3888 prestitit.
2469 3802 2735 3872 Didacus

345 3894 682 3960 Brocherus
712 3890 1058 3977 splendidus
1100 3912 1280 3975 eques
1310 3888 1619 3975 Hispanus
1647 3913 1722 3954 ex
1757 3888 2070 3975 Religione
2100 3889 2242 3954 Divi
2271 3889 2313 3953 J
2315 3889 2566 3956 ohannis
2594 3894 2733 3960 arti-

343 3980 460 4047 bus
489 3982 574 4047 rei
603 3979 829 4046 bellicas
858 3987 1032 4056 terra,
1064 3978 1329 4062 marique
1379 3977 1572 4043 clarus
1617 3999 1690 4041 ex
1741 3976 2004 4043 Terceris
2032 3998 2319 4056 reversuS,
2348 3978 2514 4063 regia
2540 3979 2733 4061 classi,

341 4069 440 4135 cui
470 4076 738 4155 praeerat,
769 4065 1052 4151 Aquilam
1096 4065 1390 4150 accipiens
1435 4065 1499 4128 in
1550 4062 1854 4129 Iberniam
1904 4064 2101 4143 solvit,
2133 4065 2235 4149 qui
2266 4064 2331 4128 in
2360 4064 2549 4129 altum
2594 4089 2733 4133 cum

345 4157 559 4222 fuisset
615 4164 952 4241 provectus,
1013 4158 1144 4216 orta
1187 4156 1540 4237 tempestate
1596 4150 1800 4217 classis
1848 4150 1912 4215 in
1966 4150 2113 4215 duas
2170 4158 2368 4237 partes
2426 4152 2732 4221 dividitur.

421 4382 446 4407 ⁸
481 4376 574 4431 He
595 4374 706 4429 had
730 4392 765 4427 a
785 4386 1002 4425 narr-ow
1028 4385 1217 4440 escape
1239 4367 1296 4419 in
1336 4365 1670 4431 November,
1699 4368 1853 4429 1600,
1896 4374 1954 4420 at
1994 4364 2225 4419 Lisbarr
2260 4402 2279 4428 ‚
2303 4366 2483 4421 where
2518 4368 2587 4421 he
2624 4387 2735 4425 was

347 4447 638 4504 concealed
675 4444 732 4497 in
774 4462 809 4497 a
848 4450 1090 4512 “poor-e,
1133 4438 1340 4510 ragged
1377 4436 1586 4500 cabin‚”
1632 4437 1763 4490 with
1807 4437 1904 4490 the
1942 4436 2084 4491 Earl
2126 4436 2193 4490 of
2280 4438 2521 4501 esmond,
2545 4441 2601 4494 in
2638 4442 2732 4497 the

347 4520 524 4575 forest
564 4516 632 4573 of
676 4512 1050 4569 Drumfinnin.
1125 4508 1408 4563 Desmond
1446 4508 1693 4578 eecaped,
1735 4512 1774 4541 “
1793 4507 1897 4560 but
1939 4507 2069 4560 Mac
2115 4507 2333 4579 Craghe
2370 4526 2479 4561 was
2513 4524 2627 4565 met
2662 4512 2735 4586 by

348 4591 636 4654 souldiers,
658 4584 915 4641 eloethed
937 4583 990 4636 in
1018 4601 1053 4636 a
1074 4580 1265 4652 simple
1287 4578 1512 4642 mantle,
1529 4579 1638 4632 end
1661 4586 1823 4631 terne
1844 4585 2123 4641 trowsers‚
2141 4577 2251 4631 like
2265 4596 2333 4631 an
2358 4580 2499 4651 aged
2521 4582 2733 4651 chin-le,
2834 4621 2844 4633 ,

347 4663 460 4715 md
482 4662 609 4731 they
632 4656 944 4730 neglecting
967 4672 1028 4707 so
1091 4670 1192 4707 oor
1235 4670 1270 4705 a
1306 4656 1578 4712 creature,
1619 4657 1719 4703 not
1757 4648 1880 4703 able
1904 4657 1963 4703 to
1988 4664 2146 4720 carry
2172 4666 2207 4701 a
2232 4664 2476 4721 νεαροῦ,
2498 4654 2735 4712 suffered

347 4732 464 4787 him
487 4740 548 4785 to
573 4746 696 4801 pass
719 4725 996 4798 unx-egard
1070 4722 1409 4777 .’·-.Paoata
1431 4721 1714 4783 Hibernia,
1737 4738 1790 4791 p.
1821 4722 1939 4773 191.

421 4802 462 4873 †
500 4801 618 4855 Not
643 4798 952 4853 mentioned
973 4796 1032 4849 in
1054 4794 1150 4849 the
1175 4793 1432 4865 ordinary
1452 4792 1765 4865 catalogue·
1789 4791 1858 4845 of
1886 4790 2112 4844 medem
2140 4787 2283 4844 Irish
2308 4794 2704 4863 compilatione.
