<?xml version="1.0" encoding="UTF-8"?>
<!DOCTYPE html PUBLIC "-//W3C//DTD XHTML 1.0 Transitional//EN"
    "http://www.w3.org/TR/xhtml1/DTD/xhtml1-transitional.dtd">
<html xmlns="http://www.w3.org/1999/xhtml" xml:lang="en" lang="en">
 <head>
  <title>
</title>
<meta http-equiv="Content-Type" content="text/html;charset=utf-8" />
  <meta name='ocr-system' content='tesseract 3.04.00' />
  <meta name='ocr-capabilities' content='ocr_page ocr_carea ocr_par ocr_line ocrx_word'/>
</head>
<body>
  <div class='ocr_page' id='page_1' title='image "./historicatholic00kellgoog_0190.png"; bbox 0 0 3634 5842; ppageno 0'>
   <div class='ocr_carea' id='block_1_1' title="bbox 853 698 3227 784">
    <p class='ocr_par' dir='ltr' id='par_1_1' title="bbox 853 698 3227 784">
     <span class='ocr_line' id='line_1_1' title="bbox 853 698 3227 784; baseline 0.001 -21"><span class='ocrx_word' id='word_1_1' title='bbox 853 701 980 767; x_wconf 81' lang='lat'><strong>154</strong></span> <span class='ocrx_word' id='word_1_2' title='bbox 1282 698 1698 764; x_wconf 67' lang='lat' dir='ltr'><strong>o&#39;sunanmr</strong></span> <span class='ocrx_word' id='word_1_3' title='bbox 1742 716 2053 762; x_wconf 71' lang='lat' dir='ltr'><strong>msa-cnm.</strong></span> <span class='ocrx_word' id='word_1_4' title='bbox 2097 716 2484 780; x_wconf 62' lang='lat' dir='ltr'><strong>carrionem,</strong></span> <span class='ocrx_word' id='word_1_5' title='bbox 2514 719 2643 764; x_wconf 77' lang='lat' dir='ltr'><strong>rou</strong></span> <span class='ocrx_word' id='word_1_6' title='bbox 2672 718 2775 764; x_wconf 89' lang='lat'><strong>111.</strong></span> <span class='ocrx_word' id='word_1_7' title='bbox 2962 699 3117 784; x_wconf 77' lang='lat' dir='ltr'><strong>[un.</strong></span> <span class='ocrx_word' id='word_1_8' title='bbox 3148 722 3227 767; x_wconf 87' lang='lat'><strong>11.</strong></span> 
     </span>
    </p>
   </div>
   <div class='ocr_carea' id='block_1_2' title="bbox 838 869 3234 2952">
    <p class='ocr_par' dir='ltr' id='par_1_2' title="bbox 838 869 3234 2952">
     <span class='ocr_line' id='line_1_2' title="bbox 850 869 3232 959; baseline 0.001 -23"><span class='ocrx_word' id='word_1_9' title='bbox 850 871 1254 959; x_wconf 83' lang='lat' dir='ltr'><strong>deprehendit,</strong></span> <span class='ocrx_word' id='word_1_10' title='bbox 1285 878 1346 936; x_wconf 89' lang='lat' dir='ltr'><strong>et</strong></span> <span class='ocrx_word' id='word_1_11' title='bbox 1395 870 1680 938; x_wconf 78' lang='lat' dir='ltr'><strong>custodiae</strong></span> <span class='ocrx_word' id='word_1_12' title='bbox 1735 869 1998 948; x_wconf 83' lang='lat' dir='ltr'><strong>mandat,</strong></span> <span class='ocrx_word' id='word_1_13' title='bbox 2050 870 2369 955; x_wconf 85' lang='lat' dir='ltr'><strong>jussusque</strong></span> <span class='ocrx_word' id='word_1_14' title='bbox 2426 893 2463 935; x_wconf 90' lang='lat' dir='ltr'><strong>a</strong></span> <span class='ocrx_word' id='word_1_15' title='bbox 2517 892 2763 957; x_wconf 79' lang='lat' dir='ltr'><strong>prorege</strong></span> <span class='ocrx_word' id='word_1_16' title='bbox 2819 870 3232 939; x_wconf 80' lang='lat' dir='ltr'><strong>Dubhlinnam</strong></span> 
     </span>
     <span class='ocr_line' id='line_1_3' title="bbox 848 954 3229 1045; baseline 0.001 -23"><span class='ocrx_word' id='word_1_17' title='bbox 848 960 1116 1025; x_wconf 84' lang='lat' dir='ltr'><strong>vinctum</strong></span> <span class='ocrx_word' id='word_1_18' title='bbox 1144 960 1378 1025; x_wconf 90' lang='lat' dir='ltr'><strong>mittere</strong></span> <span class='ocrx_word' id='word_1_19' title='bbox 1405 958 1652 1045; x_wconf 90' lang='lat' dir='ltr'><strong>imperio</strong></span> <span class='ocrx_word' id='word_1_20' title='bbox 1681 979 1804 1024; x_wconf 89' lang='lat' dir='ltr'><strong>nou</strong></span> <span class='ocrx_word' id='word_1_21' title='bbox 1834 954 2116 1023; x_wconf 88' lang='lat' dir='ltr'><strong>obediens</strong></span> <span class='ocrx_word' id='word_1_22' title='bbox 2163 956 2375 1043; x_wconf 83' lang='lat' dir='ltr'><strong>laqueo</strong></span> <span class='ocrx_word' id='word_1_23' title='bbox 2405 980 2506 1021; x_wconf 87' lang='lat' dir='ltr'><strong>sus</strong></span> <span class='ocrx_word' id='word_1_24' title='bbox 2550 956 2735 1036; x_wconf 87' lang='lat' dir='ltr'><strong>endit,</strong></span> <span class='ocrx_word' id='word_1_25' title='bbox 2764 956 3093 1023; x_wconf 85' lang='lat' dir='ltr'><strong>Midhiensi</strong></span> <span class='ocrx_word' id='word_1_26' title='bbox 3123 960 3229 1025; x_wconf 92' lang='lat' dir='ltr'><strong>ho-</strong></span> 
     </span>
     <span class='ocr_line' id='line_1_4' title="bbox 847 1042 3232 1131; baseline 0 -22"><span class='ocrx_word' id='word_1_27' title='bbox 847 1047 1010 1111; x_wconf 91' lang='lat' dir='ltr'><strong>mine</strong></span> <span class='ocrx_word' id='word_1_28' title='bbox 1035 1052 1298 1125; x_wconf 79' lang='lat' dir='ltr'><strong>tortore3</strong></span> <span class='ocrx_word' id='word_1_29' title='bbox 1343 1068 1482 1111; x_wconf 87' lang='lat' dir='ltr'><strong>nam</strong></span> <span class='ocrx_word' id='word_1_30' title='bbox 1511 1045 1728 1131; x_wconf 85' lang='lat' dir='ltr'><strong>pietate</strong></span> <span class='ocrx_word' id='word_1_31' title='bbox 1757 1048 1819 1109; x_wconf 89' lang='lat' dir='ltr'><strong>et</strong></span> <span class='ocrx_word' id='word_1_32' title='bbox 1846 1065 2043 1108; x_wconf 89' lang='lat' dir='ltr'><strong>amore</strong></span> <span class='ocrx_word' id='word_1_33' title='bbox 2070 1043 2135 1109; x_wconf 89' lang='lat' dir='ltr'><strong>in</strong></span> <span class='ocrx_word' id='word_1_34' title='bbox 2178 1042 2453 1109; x_wconf 87' lang='lat' dir='ltr'><strong>Onellam</strong></span> <span class='ocrx_word' id='word_1_35' title='bbox 2520 1043 2777 1109; x_wconf 84' lang='lat' dir='ltr'><strong>amiliam</strong></span> <span class='ocrx_word' id='word_1_36' title='bbox 2806 1049 2868 1109; x_wconf 88' lang='lat' dir='ltr'><strong>et</strong></span> <span class='ocrx_word' id='word_1_37' title='bbox 2895 1044 2937 1109; x_wconf 87' lang='lat' dir='ltr'><strong>J</strong></span> <span class='ocrx_word' id='word_1_38' title='bbox 2938 1044 3232 1111; x_wconf 84' lang='lat' dir='ltr'><strong>ohannem</strong></span> 
     </span>
     <span class='ocr_line' id='line_1_5' title="bbox 846 1129 3231 1218; baseline 0 -21"><span class='ocrx_word' id='word_1_39' title='bbox 846 1133 1178 1218; x_wconf 90' lang='lat' dir='ltr'><strong>principem</strong></span> <span class='ocrx_word' id='word_1_40' title='bbox 1203 1132 1403 1197; x_wconf 86' lang='lat' dir='ltr'><strong>nullus</strong></span> <span class='ocrx_word' id='word_1_41' title='bbox 1433 1154 1465 1197; x_wconf 90' lang='lat' dir='ltr'><strong>e</strong></span> <span class='ocrx_word' id='word_1_42' title='bbox 1494 1138 1623 1197; x_wconf 90' lang='lat' dir='ltr'><strong>tota</strong></span> <span class='ocrx_word' id='word_1_43' title='bbox 1647 1131 1869 1196; x_wconf 64' lang='lat' dir='ltr'><strong>Tirona</strong></span> <span class='ocrx_word' id='word_1_44' title='bbox 1938 1130 2093 1195; x_wconf 90' lang='lat' dir='ltr'><strong>otuit</strong></span> <span class='ocrx_word' id='word_1_45' title='bbox 2120 1129 2345 1197; x_wconf 88' lang='lat' dir='ltr'><strong>viribus</strong></span> <span class='ocrx_word' id='word_1_46' title='bbox 2373 1129 2512 1196; x_wconf 89' lang='lat' dir='ltr'><strong>ullis</strong></span> <span class='ocrx_word' id='word_1_47' title='bbox 2543 1130 2772 1209; x_wconf 90' lang='lat' dir='ltr'><strong>deduci,</strong></span> <span class='ocrx_word' id='word_1_48' title='bbox 2791 1136 2863 1195; x_wconf 89' lang='lat' dir='ltr'><strong>ut</strong></span> <span class='ocrx_word' id='word_1_49' title='bbox 2882 1130 3231 1217; x_wconf 87' lang='lat' dir='ltr'><strong>Compedito</strong></span> 
     </span>
     <span class='ocr_line' id='line_1_6' title="bbox 845 1152 3231 1303; baseline 0 -20"><span class='ocrx_word' id='word_1_50' title='bbox 845 1225 1100 1285; x_wconf 89' lang='lat' dir='ltr'><strong>mortem</strong></span> <span class='ocrx_word' id='word_1_51' title='bbox 1127 1217 1437 1285; x_wconf 55' lang='lat' dir='ltr'><strong>inferret*</strong></span> <span class='ocrx_word' id='word_1_52' title='bbox 1519 1217 1675 1283; x_wconf 87' lang='lat' dir='ltr'><strong>Inde</strong></span> <span class='ocrx_word' id='word_1_53' title='bbox 1701 1152 2134 1297; x_wconf 69' lang='lat' dir='ltr'><strong>Dubhiinuam,</strong></span> <span class='ocrx_word' id='word_1_54' title='bbox 2179 1239 2505 1303; x_wconf 76' lang='lat' dir='ltr'><strong>protegem,</strong></span> <span class='ocrx_word' id='word_1_55' title='bbox 2537 1217 2691 1283; x_wconf 91' lang='lat' dir='ltr'><strong>etin</strong></span> <span class='ocrx_word' id='word_1_56' title='bbox 2717 1218 2941 1303; x_wconf 72' lang='lat' dir='ltr'><strong>Anglia</strong></span> <span class='ocrx_word' id='word_1_57' title='bbox 2968 1219 3231 1303; x_wconf 82' lang='lat' dir='ltr'><strong>reginam</strong></span> 
     </span>
     <span class='ocr_line' id='line_1_7' title="bbox 845 1303 3230 1393; baseline -0 -22"><span class='ocrx_word' id='word_1_58' title='bbox 845 1306 973 1371; x_wconf 87' lang='lat' dir='ltr'><strong>adit</strong></span> <span class='ocrx_word' id='word_1_59' title='bbox 999 1306 1230 1371; x_wconf 88' lang='lat' dir='ltr'><strong>veniam</strong></span> <span class='ocrx_word' id='word_1_60' title='bbox 1257 1306 1530 1393; x_wconf 85' lang='lat' dir='ltr'><strong>petitum,</strong></span> <span class='ocrx_word' id='word_1_61' title='bbox 1576 1326 1754 1390; x_wconf 87' lang='lat' dir='ltr'><strong>quam</strong></span> <span class='ocrx_word' id='word_1_62' title='bbox 1781 1304 2137 1390; x_wconf 82' lang='lat' dir='ltr'><strong>impetravit,</strong></span> <span class='ocrx_word' id='word_1_63' title='bbox 2182 1304 2415 1388; x_wconf 85' lang='lat' dir='ltr'><strong>aliquos</strong></span> <span class='ocrx_word' id='word_1_64' title='bbox 2450 1305 2544 1389; x_wconf 92' lang='lat' dir='ltr'><strong>(ut</strong></span> <span class='ocrx_word' id='word_1_65' title='bbox 2586 1303 2869 1389; x_wconf 90' lang='lat' dir='ltr'><strong>creditur)</strong></span> <span class='ocrx_word' id='word_1_66' title='bbox 2905 1304 3079 1369; x_wconf 87' lang='lat' dir='ltr'><strong>donis</strong></span> <span class='ocrx_word' id='word_1_67' title='bbox 3102 1328 3230 1370; x_wconf 93' lang='lat' dir='ltr'><strong>cor-</strong></span> 
     </span>
     <span class='ocr_line' id='line_1_8' title="bbox 843 1388 3234 1478; baseline 0 -21"><span class='ocrx_word' id='word_1_68' title='bbox 843 1392 1175 1478; x_wconf 89' lang='lat' dir='ltr'><strong>rumpendo</strong></span> <span class='ocrx_word' id='word_1_69' title='bbox 1227 1400 1288 1457; x_wconf 90' lang='lat' dir='ltr'><strong>et</strong></span> <span class='ocrx_word' id='word_1_70' title='bbox 1331 1392 1536 1477; x_wconf 88' lang='lat' dir='ltr'><strong>regina</strong></span> <span class='ocrx_word' id='word_1_71' title='bbox 1581 1413 1652 1457; x_wconf 91' lang='lat' dir='ltr'><strong>eo</strong></span> <span class='ocrx_word' id='word_1_72' title='bbox 1694 1390 1947 1455; x_wconf 79' lang='lat' dir='ltr'><strong>forsitan</strong></span> <span class='ocrx_word' id='word_1_73' title='bbox 1994 1396 2175 1467; x_wconf 84' lang='lat' dir='ltr'><strong>mota,</strong></span> <span class='ocrx_word' id='word_1_74' title='bbox 2206 1388 2367 1475; x_wconf 73' lang='lat' dir='ltr'><strong>quod</strong></span> <span class='ocrx_word' id='word_1_75' title='bbox 2416 1390 2751 1456; x_wconf 86' lang='lat' dir='ltr'><strong>consultum</strong></span> <span class='ocrx_word' id='word_1_76' title='bbox 2782 1414 2910 1457; x_wconf 88' lang='lat' dir='ltr'><strong>esse</strong></span> <span class='ocrx_word' id='word_1_77' title='bbox 2937 1392 3234 1478; x_wconf 82' lang='lat' dir='ltr'><strong>judicaret</strong></span> 
     </span>
     <span class='ocr_line' id='line_1_9' title="bbox 845 1475 3231 1565; baseline 0 -21"><span class='ocrx_word' id='word_1_78' title='bbox 845 1479 1019 1544; x_wconf 89' lang='lat' dir='ltr'><strong>illum</strong></span> <span class='ocrx_word' id='word_1_79' title='bbox 1051 1480 1229 1544; x_wconf 86' lang='lat' dir='ltr'><strong>etiam</strong></span> <span class='ocrx_word' id='word_1_80' title='bbox 1259 1478 1698 1563; x_wconf 81' lang='lat' dir='ltr'><strong>delinquentem</strong></span> <span class='ocrx_word' id='word_1_81' title='bbox 1728 1484 1935 1543; x_wconf 83' lang='lat' dir='ltr'><strong>contra</strong></span> <span class='ocrx_word' id='word_1_82' title='bbox 1948 1477 2290 1543; x_wconf 86' lang='lat' dir='ltr'><strong>Terentium</strong></span> <span class='ocrx_word' id='word_1_83' title='bbox 2307 1475 2634 1542; x_wconf 87' lang='lat' dir='ltr'><strong>O&#39;Nellmn</strong></span> <span class='ocrx_word' id='word_1_84' title='bbox 2649 1477 2883 1543; x_wconf 69' lang='lat' dir='ltr'><strong>&#39;I&#39;ironae</strong></span> <span class='ocrx_word' id='word_1_85' title='bbox 2902 1478 3231 1565; x_wconf 84' lang='lat' dir='ltr'><strong>principem</strong></span> 
     </span>
     <span class='ocr_line' id='line_1_10' title="bbox 846 1563 3228 1651; baseline 0.001 -22"><span class='ocrx_word' id='word_1_86' title='bbox 846 1588 1076 1631; x_wconf 84' lang='lat' dir='ltr'><strong>servare</strong></span> <span class='ocrx_word' id='word_1_87' title='bbox 1104 1569 1174 1631; x_wconf 64' lang='lat' dir='ltr'><strong>ea</strong></span> <span class='ocrx_word' id='word_1_88' title='bbox 1200 1566 1426 1630; x_wconf 87' lang='lat' dir='ltr'><strong>ratione</strong></span> <span class='ocrx_word' id='word_1_89' title='bbox 1455 1567 1575 1651; x_wconf 65' lang='lat' dir='ltr'><strong>qua</strong></span> <span class='ocrx_word' id='word_1_90' title='bbox 1603 1566 1797 1630; x_wconf 86' lang='lat' dir='ltr'><strong>fuerat</strong></span> <span class='ocrx_word' id='word_1_91' title='bbox 1824 1563 2063 1630; x_wconf 86' lang='lat' dir='ltr'><strong>ad&#39;utus</strong></span> <span class='ocrx_word' id='word_1_92' title='bbox 2092 1570 2154 1629; x_wconf 90' lang='lat' dir='ltr'><strong>et</strong></span> <span class='ocrx_word' id='word_1_93' title='bbox 2189 1572 2419 1631; x_wconf 86' lang='lat' dir='ltr'><strong>auctus.</strong></span> <span class='ocrx_word' id='word_1_94' title='bbox 2504 1564 2719 1649; x_wconf 88' lang='lat' dir='ltr'><strong>Itaque</strong></span> <span class='ocrx_word' id='word_1_95' title='bbox 2745 1585 3014 1630; x_wconf 82' lang='lat' dir='ltr'><strong>reversus</strong></span> <span class='ocrx_word' id='word_1_96' title='bbox 3044 1573 3136 1631; x_wconf 91' lang='lat' dir='ltr'><strong>est</strong></span> <span class='ocrx_word' id='word_1_97' title='bbox 3163 1566 3228 1631; x_wconf 89' lang='lat' dir='ltr'><strong>in</strong></span> 
     </span>
     <span class='ocr_line' id='line_1_11' title="bbox 845 1649 3228 1739; baseline 0 -22"><span class='ocrx_word' id='word_1_98' title='bbox 845 1652 1148 1717; x_wconf 88' lang='lat' dir='ltr'><strong>Iberuiam</strong></span> <span class='ocrx_word' id='word_1_99' title='bbox 1177 1652 1331 1719; x_wconf 86' lang='lat' dir='ltr'><strong>datis</strong></span> <span class='ocrx_word' id='word_1_100' title='bbox 1360 1651 1610 1717; x_wconf 85' lang='lat' dir='ltr'><strong>vadibus</strong></span> <span class='ocrx_word' id='word_1_101' title='bbox 1639 1651 1857 1717; x_wconf 81' lang='lat' dir='ltr'><strong>comite</strong></span> <span class='ocrx_word' id='word_1_102' title='bbox 1940 1650 2167 1715; x_wconf 89' lang='lat' dir='ltr'><strong>rmonio</strong></span> <span class='ocrx_word' id='word_1_103' title='bbox 2186 1657 2246 1716; x_wconf 88' lang='lat' dir='ltr'><strong>et</strong></span> <span class='ocrx_word' id='word_1_104' title='bbox 2273 1650 2695 1737; x_wconf 76' lang='lat' dir='ltr'><strong>christophore</strong></span> <span class='ocrx_word' id='word_1_105' title='bbox 2727 1649 2970 1717; x_wconf 89' lang='lat' dir='ltr'><strong>Hatone</strong></span> <span class='ocrx_word' id='word_1_106' title='bbox 2991 1652 3228 1739; x_wconf 82' lang='lat' dir='ltr'><strong>Angliae</strong></span> 
     </span>
     <span class='ocr_line' id='line_1_12' title="bbox 845 1736 3230 1824; baseline -0 -19"><span class='ocrx_word' id='word_1_107' title='bbox 845 1739 1211 1818; x_wconf 83' lang='lat' dir='ltr'><strong>cancellariO,</strong></span> <span class='ocrx_word' id='word_1_108' title='bbox 1259 1738 1506 1804; x_wconf 77' lang='lat' dir='ltr'><strong>sistendi</strong></span> <span class='ocrx_word' id='word_1_109' title='bbox 1551 1761 1614 1803; x_wconf 89' lang='lat' dir='ltr'><strong>se</strong></span> <span class='ocrx_word' id='word_1_110' title='bbox 1660 1737 2029 1803; x_wconf 81' lang='lat' dir='ltr'><strong>Dubhlinnae</strong></span> <span class='ocrx_word' id='word_1_111' title='bbox 2076 1736 2236 1823; x_wconf 88' lang='lat' dir='ltr'><strong>apud</strong></span> <span class='ocrx_word' id='word_1_112' title='bbox 2283 1758 2593 1824; x_wconf 76' lang='lat' dir='ltr'><strong>protegam</strong></span> <span class='ocrx_word' id='word_1_113' title='bbox 2660 1737 2858 1804; x_wconf 87' lang='lat' dir='ltr'><strong>uando</strong></span> <span class='ocrx_word' id='word_1_114' title='bbox 2886 1737 2953 1803; x_wconf 89' lang='lat' dir='ltr'><strong>in</strong></span> <span class='ocrx_word' id='word_1_115' title='bbox 2996 1739 3096 1824; x_wconf 90' lang='lat' dir='ltr'><strong>jus</strong></span> <span class='ocrx_word' id='word_1_116' title='bbox 3124 1762 3230 1804; x_wconf 82' lang='lat' dir='ltr'><strong>vo-</strong></span> 
     </span>
     <span class='ocr_line' id='line_1_13' title="bbox 844 1761 3228 1911; baseline 0 -20"><span class='ocrx_word' id='word_1_117' title='bbox 844 1834 1093 1891; x_wconf 78' lang='lat' dir='ltr'><strong>caretur.</strong></span> <span class='ocrx_word' id='word_1_118' title='bbox 1183 1826 1342 1890; x_wconf 84' lang='lat' dir='ltr'><strong>Eum</strong></span> <span class='ocrx_word' id='word_1_119' title='bbox 1371 1825 1573 1911; x_wconf 88' lang='lat' dir='ltr'><strong>paucis</strong></span> <span class='ocrx_word' id='word_1_120' title='bbox 1601 1826 1744 1891; x_wconf 88' lang='lat' dir='ltr'><strong>inde</strong></span> <span class='ocrx_word' id='word_1_121' title='bbox 1788 1822 1999 1889; x_wconf 87' lang='lat' dir='ltr'><strong>diebus</strong></span> <span class='ocrx_word' id='word_1_122' title='bbox 2084 1846 2252 1889; x_wconf 85' lang='lat' dir='ltr'><strong>rorex</strong></span> <span class='ocrx_word' id='word_1_123' title='bbox 2295 1822 2469 1910; x_wconf 89' lang='lat' dir='ltr'><strong>jubet</strong></span> <span class='ocrx_word' id='word_1_124' title='bbox 2494 1761 2864 1890; x_wconf 54' lang='lat' dir='ltr'><strong>Dublfflnnoe</strong></span> <span class='ocrx_word' id='word_1_125' title='bbox 2892 1846 3228 1910; x_wconf 88' lang='lat' dir='ltr'><strong>comparare</strong></span> 
     </span>
     <span class='ocr_line' id='line_1_14' title="bbox 843 1910 3227 1999; baseline 0 -23"><span class='ocrx_word' id='word_1_126' title='bbox 843 1919 916 1977; x_wconf 92' lang='lat' dir='ltr'><strong>ut</strong></span> <span class='ocrx_word' id='word_1_127' title='bbox 943 1920 1229 1999; x_wconf 90' lang='lat' dir='ltr'><strong>perpetuo</strong></span> <span class='ocrx_word' id='word_1_128' title='bbox 1259 1913 1474 1977; x_wconf 88' lang='lat' dir='ltr'><strong>carceri</strong></span> <span class='ocrx_word' id='word_1_129' title='bbox 1502 1912 1891 1977; x_wconf 85' lang='lat' dir='ltr'><strong>addiceretur.</strong></span> <span class='ocrx_word' id='word_1_130' title='bbox 2060 1934 2093 1975; x_wconf 92' lang='lat' dir='ltr'><strong>e</strong></span> <span class='ocrx_word' id='word_1_131' title='bbox 2121 1910 2330 1976; x_wconf 90' lang='lat' dir='ltr'><strong>maluit</strong></span> <span class='ocrx_word' id='word_1_132' title='bbox 2358 1934 2421 1976; x_wconf 89' lang='lat' dir='ltr'><strong>se</strong></span> <span class='ocrx_word' id='word_1_133' title='bbox 2450 1932 2627 1995; x_wconf 84' lang='lat' dir='ltr'><strong>quam</strong></span> <span class='ocrx_word' id='word_1_134' title='bbox 2656 1934 2795 1976; x_wconf 90' lang='lat' dir='ltr'><strong>suos</strong></span> <span class='ocrx_word' id='word_1_135' title='bbox 2836 1910 3014 1976; x_wconf 84' lang='lat' dir='ltr'><strong>vades</strong></span> <span class='ocrx_word' id='word_1_136' title='bbox 3042 1913 3227 1998; x_wconf 87' lang='lat' dir='ltr'><strong>peric-</strong></span> 
     </span>
     <span class='ocr_line' id='line_1_15' title="bbox 841 1996 3229 2084; baseline 0 -21"><span class='ocrx_word' id='word_1_137' title='bbox 841 1999 1022 2064; x_wconf 90' lang='lat' dir='ltr'><strong>litari.</strong></span> <span class='ocrx_word' id='word_1_138' title='bbox 1131 1999 1344 2084; x_wconf 86' lang='lat' dir='ltr'><strong>Itaque</strong></span> <span class='ocrx_word' id='word_1_139' title='bbox 1393 1996 1807 2064; x_wconf 82' lang='lat' dir='ltr'><strong>Duhhlinnam</strong></span> <span class='ocrx_word' id='word_1_140' title='bbox 1870 1998 1983 2063; x_wconf 88' lang='lat' dir='ltr'><strong>iter</strong></span> <span class='ocrx_word' id='word_1_141' title='bbox 2028 1998 2235 2084; x_wconf 83' lang='lat' dir='ltr'><strong>arripit</strong></span> <span class='ocrx_word' id='word_1_142' title='bbox 2284 1996 2680 2064; x_wconf 83' lang='lat' dir='ltr'><strong>architriclino</strong></span> <span class='ocrx_word' id='word_1_143' title='bbox 2742 1998 3063 2083; x_wconf 74' lang='lat' dir='ltr'><strong>praemissu,</strong></span> <span class='ocrx_word' id='word_1_144' title='bbox 3125 1999 3229 2084; x_wconf 82' lang='lat' dir='ltr'><strong>qui</strong></span> 
     </span>
     <span class='ocr_line' id='line_1_16' title="bbox 841 2083 3225 2171; baseline -0 -21"><span class='ocrx_word' id='word_1_145' title='bbox 841 2085 1006 2150; x_wconf 84' lang='lat' dir='ltr'><strong>lauto</strong></span> <span class='ocrx_word' id='word_1_146' title='bbox 1036 2091 1097 2150; x_wconf 88' lang='lat' dir='ltr'><strong>et</strong></span> <span class='ocrx_word' id='word_1_147' title='bbox 1125 2085 1437 2171; x_wconf 90' lang='lat' dir='ltr'><strong>splendido</strong></span> <span class='ocrx_word' id='word_1_148' title='bbox 1483 2086 1752 2151; x_wconf 85' lang='lat' dir='ltr'><strong>convivio</strong></span> <span class='ocrx_word' id='word_1_149' title='bbox 1796 2090 2000 2171; x_wconf 81' lang='lat' dir='ltr'><strong>parato</strong></span> <span class='ocrx_word' id='word_1_150' title='bbox 2030 2084 2209 2151; x_wconf 89' lang='lat' dir='ltr'><strong>duces</strong></span> <span class='ocrx_word' id='word_1_151' title='bbox 2238 2091 2300 2150; x_wconf 90' lang='lat' dir='ltr'><strong>et</strong></span> <span class='ocrx_word' id='word_1_152' title='bbox 2326 2083 2697 2150; x_wconf 82' lang='lat' dir='ltr'><strong>nobilitatem</strong></span> <span class='ocrx_word' id='word_1_153' title='bbox 2724 2085 2872 2170; x_wconf 81' lang='lat' dir='ltr'><strong>regii</strong></span> <span class='ocrx_word' id='word_1_154' title='bbox 2914 2086 3225 2165; x_wconf 84' lang='lat' dir='ltr'><strong>exercitus,</strong></span> 
     </span>
     <span class='ocr_line' id='line_1_17' title="bbox 843 2170 3227 2258; baseline 0 -22"><span class='ocrx_word' id='word_1_155' title='bbox 843 2171 920 2237; x_wconf 85' lang='lat' dir='ltr'><strong>ad</strong></span> <span class='ocrx_word' id='word_1_156' title='bbox 961 2194 1188 2237; x_wconf 84' lang='lat' dir='ltr'><strong>caenam</strong></span> <span class='ocrx_word' id='word_1_157' title='bbox 1239 2173 1535 2237; x_wconf 83' lang='lat' dir='ltr'><strong>invitaret.</strong></span> <span class='ocrx_word' id='word_1_158' title='bbox 1623 2171 1766 2258; x_wconf 91' lang='lat' dir='ltr'><strong>Ipse</strong></span> <span class='ocrx_word' id='word_1_159' title='bbox 1811 2171 1924 2236; x_wconf 92' lang='lat' dir='ltr'><strong>sub</strong></span> <span class='ocrx_word' id='word_1_160' title='bbox 1973 2172 2373 2257; x_wconf 86' lang='lat' dir='ltr'><strong>vespertinum</strong></span> <span class='ocrx_word' id='word_1_161' title='bbox 2424 2170 2835 2257; x_wconf 79' lang='lat' dir='ltr'><strong>crepusculum</strong></span> <span class='ocrx_word' id='word_1_162' title='bbox 2878 2172 2954 2237; x_wconf 85' lang='lat' dir='ltr'><strong>ad</strong></span> <span class='ocrx_word' id='word_1_163' title='bbox 2994 2178 3227 2258; x_wconf 83' lang='lat' dir='ltr'><strong>portam</strong></span> 
     </span>
     <span class='ocr_line' id='line_1_18' title="bbox 841 2256 3227 2344; baseline 0 -21"><span class='ocrx_word' id='word_1_164' title='bbox 841 2256 1317 2323; x_wconf 86' lang='lat' dir='ltr'><strong>Dubhlinnensis</strong></span> <span class='ocrx_word' id='word_1_165' title='bbox 1367 2259 1516 2323; x_wconf 89' lang='lat' dir='ltr'><strong>arcis</strong></span> <span class='ocrx_word' id='word_1_166' title='bbox 1564 2279 1717 2344; x_wconf 90' lang='lat' dir='ltr'><strong>equo</strong></span> <span class='ocrx_word' id='word_1_167' title='bbox 1765 2257 2058 2336; x_wconf 87' lang='lat' dir='ltr'><strong>desiliens,</strong></span> <span class='ocrx_word' id='word_1_168' title='bbox 2107 2280 2415 2344; x_wconf 87' lang='lat' dir='ltr'><strong>proregem</strong></span> <span class='ocrx_word' id='word_1_169' title='bbox 2456 2258 2559 2343; x_wconf 90' lang='lat' dir='ltr'><strong>qui</strong></span> <span class='ocrx_word' id='word_1_170' title='bbox 2587 2260 2653 2323; x_wconf 91' lang='lat' dir='ltr'><strong>in</strong></span> <span class='ocrx_word' id='word_1_171' title='bbox 2698 2259 2769 2323; x_wconf 66' lang='lat' dir='ltr'><strong>ea</strong></span> <span class='ocrx_word' id='word_1_172' title='bbox 2818 2257 3049 2343; x_wconf 86' lang='lat' dir='ltr'><strong>agebat,</strong></span> <span class='ocrx_word' id='word_1_173' title='bbox 3081 2257 3227 2324; x_wconf 88' lang='lat' dir='ltr'><strong>adit.</strong></span> 
     </span>
     <span class='ocr_line' id='line_1_19' title="bbox 844 2342 3227 2431; baseline 0.001 -23"><span class='ocrx_word' id='word_1_174' title='bbox 844 2344 966 2410; x_wconf 91' lang='lat' dir='ltr'><strong>Hic</strong></span> <span class='ocrx_word' id='word_1_175' title='bbox 994 2344 1166 2409; x_wconf 90' lang='lat' dir='ltr'><strong>illum</strong></span> <span class='ocrx_word' id='word_1_176' title='bbox 1207 2344 1407 2431; x_wconf 80' lang='lat' dir='ltr'><strong>jubet&#39;</strong></span> <span class='ocrx_word' id='word_1_177' title='bbox 1431 2344 1654 2410; x_wconf 83' lang='lat' dir='ltr'><strong>salvere</strong></span> <span class='ocrx_word' id='word_1_178' title='bbox 1683 2350 1744 2410; x_wconf 91' lang='lat' dir='ltr'><strong>et</strong></span> <span class='ocrx_word' id='word_1_179' title='bbox 1773 2345 2001 2424; x_wconf 81' lang='lat' dir='ltr'><strong>valere3</strong></span> <span class='ocrx_word' id='word_1_180' title='bbox 2046 2346 2117 2409; x_wconf 63' lang='lat' dir='ltr'><strong>ea</strong></span> <span class='ocrx_word' id='word_1_181' title='bbox 2156 2354 2333 2410; x_wconf 85' lang='lat' dir='ltr'><strong>nocte</strong></span> <span class='ocrx_word' id='word_1_182' title='bbox 2377 2366 2593 2430; x_wconf 87' lang='lat' dir='ltr'><strong>corpus</strong></span> <span class='ocrx_word' id='word_1_183' title='bbox 2643 2342 2717 2409; x_wconf 89' lang='lat' dir='ltr'><strong>ab</strong></span> <span class='ocrx_word' id='word_1_184' title='bbox 2756 2344 2984 2409; x_wconf 85' lang='lat' dir='ltr'><strong>itineris</strong></span> <span class='ocrx_word' id='word_1_185' title='bbox 3025 2344 3227 2410; x_wconf 85' lang='lat' dir='ltr'><strong>labore</strong></span> 
     </span>
     <span class='ocr_line' id='line_1_20' title="bbox 838 2430 3223 2517; baseline 0 -22"><span class='ocrx_word' id='word_1_186' title='bbox 838 2430 1074 2496; x_wconf 87' lang='lat' dir='ltr'><strong>reficere</strong></span> <span class='ocrx_word' id='word_1_187' title='bbox 1103 2438 1166 2496; x_wconf 93' lang='lat' dir='ltr'><strong>et</strong></span> <span class='ocrx_word' id='word_1_188' title='bbox 1193 2452 1430 2511; x_wconf 81' lang='lat' dir='ltr'><strong>curare3</strong></span> <span class='ocrx_word' id='word_1_189' title='bbox 1477 2431 1740 2497; x_wconf 83' lang='lat' dir='ltr'><strong>convivis</strong></span> <span class='ocrx_word' id='word_1_190' title='bbox 1789 2453 1913 2496; x_wconf 92' lang='lat' dir='ltr'><strong>non</strong></span> <span class='ocrx_word' id='word_1_191' title='bbox 1958 2430 2178 2510; x_wconf 84' lang='lat' dir='ltr'><strong>deesse,</strong></span> <span class='ocrx_word' id='word_1_192' title='bbox 2228 2437 2465 2517; x_wconf 85' lang='lat' dir='ltr'><strong>postero</strong></span> <span class='ocrx_word' id='word_1_193' title='bbox 2496 2432 2591 2496; x_wconf 91' lang='lat' dir='ltr'><strong>die</strong></span> <span class='ocrx_word' id='word_1_194' title='bbox 2619 2431 2696 2497; x_wconf 88' lang='lat' dir='ltr'><strong>ad</strong></span> <span class='ocrx_word' id='word_1_195' title='bbox 2724 2453 2785 2496; x_wconf 88' lang='lat' dir='ltr'><strong>se</strong></span> <span class='ocrx_word' id='word_1_196' title='bbox 2813 2430 3023 2497; x_wconf 86' lang='lat' dir='ltr'><strong>redire.</strong></span> <span class='ocrx_word' id='word_1_197' title='bbox 3108 2431 3223 2497; x_wconf 84' lang='lat' dir='ltr'><strong>Ille</strong></span> 
     </span>
     <span class='ocr_line' id='line_1_21' title="bbox 841 2517 3224 2604; baseline 0 -22"><span class='ocrx_word' id='word_1_198' title='bbox 841 2540 975 2582; x_wconf 90' lang='lat' dir='ltr'><strong>arce</strong></span> <span class='ocrx_word' id='word_1_199' title='bbox 1003 2539 1274 2603; x_wconf 76' lang='lat' dir='ltr'><strong>egressus</strong></span> <span class='ocrx_word' id='word_1_200' title='bbox 1301 2518 1367 2583; x_wconf 88' lang='lat' dir='ltr'><strong>in</strong></span> <span class='ocrx_word' id='word_1_201' title='bbox 1396 2524 1634 2604; x_wconf 87' lang='lat' dir='ltr'><strong>pratum</strong></span> <span class='ocrx_word' id='word_1_202' title='bbox 1683 2540 1904 2604; x_wconf 89' lang='lat' dir='ltr'><strong>equum</strong></span> <span class='ocrx_word' id='word_1_203' title='bbox 1952 2518 2175 2603; x_wconf 86' lang='lat' dir='ltr'><strong>dirigit,</strong></span> <span class='ocrx_word' id='word_1_204' title='bbox 2223 2517 2392 2604; x_wconf 84' lang='lat' dir='ltr'><strong>quasi</strong></span> <span class='ocrx_word' id='word_1_205' title='bbox 2443 2519 2707 2583; x_wconf 83' lang='lat' dir='ltr'><strong>animum</strong></span> <span class='ocrx_word' id='word_1_206' title='bbox 2750 2524 3118 2583; x_wconf 79' lang='lat' dir='ltr'><strong>recreaturus</strong></span> <span class='ocrx_word' id='word_1_207' title='bbox 3160 2525 3224 2583; x_wconf 87' lang='lat' dir='ltr'><strong>et</strong></span> 
     </span>
     <span class='ocr_line' id='line_1_22' title="bbox 849 2603 3223 2692; baseline 0 -23"><span class='ocrx_word' id='word_1_208' title='bbox 849 2603 1000 2683; x_wconf 42' lang='lat' dir='ltr'><strong>inde,</strong></span> <span class='ocrx_word' id='word_1_209' title='bbox 1041 2606 1240 2690; x_wconf 90' lang='lat' dir='ltr'><strong>equite</strong></span> <span class='ocrx_word' id='word_1_210' title='bbox 1286 2627 1407 2669; x_wconf 91' lang='lat' dir='ltr'><strong>uno</strong></span> <span class='ocrx_word' id='word_1_211' title='bbox 1454 2605 1670 2670; x_wconf 87' lang='lat' dir='ltr'><strong>comite</strong></span> <span class='ocrx_word' id='word_1_212' title='bbox 1713 2606 1780 2669; x_wconf 89' lang='lat' dir='ltr'><strong>in</strong></span> <span class='ocrx_word' id='word_1_213' title='bbox 1830 2604 2139 2670; x_wconf 87' lang='lat' dir='ltr'><strong>Ultoniam</strong></span> <span class='ocrx_word' id='word_1_214' title='bbox 2188 2604 2365 2691; x_wconf 81' lang='lat' dir='ltr'><strong>fugit,</strong></span> <span class='ocrx_word' id='word_1_215' title='bbox 2396 2610 2559 2669; x_wconf 86' lang='lat' dir='ltr'><strong>ratus</strong></span> <span class='ocrx_word' id='word_1_216' title='bbox 2586 2605 2649 2671; x_wconf 91' lang='lat' dir='ltr'><strong>id</strong></span> <span class='ocrx_word' id='word_1_217' title='bbox 2680 2604 2843 2692; x_wconf 91' lang='lat' dir='ltr'><strong>quod</strong></span> <span class='ocrx_word' id='word_1_218' title='bbox 2872 2611 3015 2685; x_wconf 87' lang='lat' dir='ltr'><strong>erat,</strong></span> <span class='ocrx_word' id='word_1_219' title='bbox 3044 2604 3223 2671; x_wconf 81' lang='lat' dir='ltr'><strong>vades</strong></span> 
     </span>
     <span class='ocr_line' id='line_1_23' title="bbox 845 2689 3225 2777; baseline 0.001 -22"><span class='ocrx_word' id='word_1_220' title='bbox 845 2713 986 2756; x_wconf 90' lang='lat' dir='ltr'><strong>suos</strong></span> <span class='ocrx_word' id='word_1_221' title='bbox 1016 2714 1142 2757; x_wconf 89' lang='lat' dir='ltr'><strong>esse</strong></span> <span class='ocrx_word' id='word_1_222' title='bbox 1163 2692 1288 2776; x_wconf 89' lang='lat' dir='ltr'><strong>jam</strong></span> <span class='ocrx_word' id='word_1_223' title='bbox 1317 2691 1637 2756; x_wconf 88' lang='lat' dir='ltr'><strong>vadimonii</strong></span> <span class='ocrx_word' id='word_1_224' title='bbox 1688 2691 2047 2777; x_wconf 77' lang='lat' dir='ltr'><strong>obligatione</strong></span> <span class='ocrx_word' id='word_1_225' title='bbox 2076 2689 2321 2757; x_wconf 86' lang='lat' dir='ltr'><strong>solutos.</strong></span> <span class='ocrx_word' id='word_1_226' title='bbox 2410 2691 2565 2756; x_wconf 74' lang='lat' dir='ltr'><strong>Gum</strong></span> <span class='ocrx_word' id='word_1_227' title='bbox 2592 2692 2817 2757; x_wconf 88' lang='lat' dir='ltr'><strong>diutius</strong></span> <span class='ocrx_word' id='word_1_228' title='bbox 2846 2698 3225 2757; x_wconf 81' lang='lat' dir='ltr'><strong>cunctaretur</strong></span> 
     </span>
     <span class='ocr_line' id='line_1_24' title="bbox 839 2776 3226 2864; baseline 0 -21"><span class='ocrx_word' id='word_1_229' title='bbox 839 2778 1274 2843; x_wconf 81' lang='lat' dir='ltr'><strong>architriclinus</strong></span> <span class='ocrx_word' id='word_1_230' title='bbox 1317 2778 1489 2864; x_wconf 89' lang='lat' dir='ltr'><strong>jubet</strong></span> <span class='ocrx_word' id='word_1_231' title='bbox 1557 2779 1834 2844; x_wconf 84' lang='lat' dir='ltr'><strong>convivas</strong></span> <span class='ocrx_word' id='word_1_232' title='bbox 1886 2776 2271 2857; x_wconf 88' lang='lat' dir='ltr'><strong>discumbere,</strong></span> <span class='ocrx_word' id='word_1_233' title='bbox 2302 2778 2653 2845; x_wconf 86' lang='lat' dir='ltr'><strong>confirmans</strong></span> <span class='ocrx_word' id='word_1_234' title='bbox 2678 2778 2850 2845; x_wconf 85' lang='lat' dir='ltr'><strong>illum</strong></span> <span class='ocrx_word' id='word_1_235' title='bbox 2880 2777 2973 2844; x_wconf 84' lang='lat' dir='ltr'><strong>vel</strong></span> <span class='ocrx_word' id='word_1_236' title='bbox 3000 2780 3067 2844; x_wconf 91' lang='lat' dir='ltr'><strong>in</strong></span> <span class='ocrx_word' id='word_1_237' title='bbox 3093 2800 3226 2844; x_wconf 85' lang='lat' dir='ltr'><strong>arce</strong></span> 
     </span>
     <span class='ocr_line' id='line_1_25' title="bbox 845 2864 2452 2952; baseline 0 -23"><span class='ocrx_word' id='word_1_238' title='bbox 845 2887 881 2929; x_wconf 88' lang='lat' dir='ltr'><strong>a</strong></span> <span class='ocrx_word' id='word_1_239' title='bbox 908 2866 1144 2952; x_wconf 80' lang='lat' dir='ltr'><strong>protegi</strong></span> <span class='ocrx_word' id='word_1_240' title='bbox 1171 2866 1429 2945; x_wconf 88' lang='lat' dir='ltr'><strong>retineri,</strong></span> <span class='ocrx_word' id='word_1_241' title='bbox 1459 2864 1553 2930; x_wconf 86' lang='lat' dir='ltr'><strong>vel</strong></span> <span class='ocrx_word' id='word_1_242' title='bbox 1583 2888 1644 2929; x_wconf 88' lang='lat' dir='ltr'><strong>se</strong></span> <span class='ocrx_word' id='word_1_243' title='bbox 1673 2864 1748 2931; x_wconf 89' lang='lat' dir='ltr'><strong>de</strong></span> <span class='ocrx_word' id='word_1_244' title='bbox 1776 2888 1848 2930; x_wconf 87' lang='lat' dir='ltr'><strong>eo</strong></span> <span class='ocrx_word' id='word_1_245' title='bbox 1877 2865 2027 2931; x_wconf 86' lang='lat' dir='ltr'><strong>nihil</strong></span> <span class='ocrx_word' id='word_1_246' title='bbox 2047 2866 2192 2931; x_wconf 86' lang='lat' dir='ltr'><strong>certi</strong></span> <span class='ocrx_word' id='word_1_247' title='bbox 2218 2864 2452 2931; x_wconf 88' lang='lat' dir='ltr'><strong>habere.</strong></span> 
     </span>
    </p>
   </div>
   <div class='ocr_carea' id='block_1_3' title="bbox 1587 3132 2017 3143">
    <p class='ocr_par' dir='ltr' id='par_1_3' title="bbox 1587 3132 2017 3143">
     <span class='ocr_line' id='line_1_26' title="bbox 1587 3132 2017 3143; baseline 0.012 -4"><span class='ocrx_word' id='word_1_248' title='bbox 1587 3132 2017 3143; x_wconf 47' lang='grc' dir='ltr'><strong>κ-..η-ο--ο-ο--ψ</strong></span> 
     </span>
    </p>
   </div>
   <div class='ocr_carea' id='block_1_4' title="bbox 2018 3134 2496 3149">
    <p class='ocr_par' dir='ltr' id='par_1_4' title="bbox 2018 3134 2496 3149">
     <span class='ocr_line' id='line_1_27' title="bbox 2018 3134 2496 3149; baseline 0 2693"><span class='ocrx_word' id='word_1_249' title='bbox 2018 3134 2496 3149; x_wconf 95' lang='lat' dir='ltr'><strong> </strong></span> 
     </span>
    </p>
   </div>
   <div class='ocr_carea' id='block_1_5' title="bbox 1850 3336 2192 3402">
    <p class='ocr_par' dir='ltr' id='par_1_5' title="bbox 1850 3336 2192 3402">
     <span class='ocr_line' id='line_1_28' title="bbox 1850 3336 2192 3402; baseline 0 0"><span class='ocrx_word' id='word_1_250' title='bbox 1850 3336 2033 3402; x_wconf 82' lang='grc' dir='ltr'><strong>ΟΑΡ.</strong></span> <span class='ocrx_word' id='word_1_251' title='bbox 2078 3336 2192 3402; x_wconf 88' lang='lat' dir='ltr'><strong>IV.</strong></span> 
     </span>
    </p>
   </div>
   <div class='ocr_carea' id='block_1_6' title="bbox 1445 3526 2625 3605">
    <p class='ocr_par' dir='ltr' id='par_1_6' title="bbox 1445 3526 2625 3605">
     <span class='ocr_line' id='line_1_29' title="bbox 1445 3526 2625 3605; baseline 0.008 -25"><span class='ocrx_word' id='word_1_252' title='bbox 1445 3526 1807 3581; x_wconf 84' lang='lat' dir='ltr'><strong>Ultoniorum</strong></span> <span class='ocrx_word' id='word_1_253' title='bbox 1836 3528 2048 3584; x_wconf 84' lang='lat' dir='ltr'><strong>obsides</strong></span> <span class='ocrx_word' id='word_1_254' title='bbox 2072 3529 2141 3584; x_wconf 76' lang='lat' dir='ltr'><strong>ab</strong></span> <span class='ocrx_word' id='word_1_255' title='bbox 2166 3530 2365 3603; x_wconf 78' lang='lat' dir='ltr'><strong>Anglis</strong></span> <span class='ocrx_word' id='word_1_256' title='bbox 2386 3532 2625 3605; x_wconf 81' lang='lat' dir='ltr'><strong>fugiunt.</strong></span> 
     </span>
    </p>
   </div>
   <div class='ocr_carea' id='block_1_7' title="bbox 635 3721 3309 4597">
    <p class='ocr_par' dir='ltr' id='par_1_7' title="bbox 635 3721 3309 4597">
     <span class='ocr_line' id='line_1_30' title="bbox 841 3721 3309 3817; baseline 0.006 -30"><span class='ocrx_word' id='word_1_257' title='bbox 841 3724 1080 3789; x_wconf 65' lang='lat' dir='ltr'><strong>Paucrs</strong></span> <span class='ocrx_word' id='word_1_258' title='bbox 1179 3728 1235 3787; x_wconf 90' lang='lat' dir='ltr'><strong>st</strong></span> <span class='ocrx_word' id='word_1_259' title='bbox 1263 3721 1472 3789; x_wconf 88' lang='lat' dir='ltr'><strong>diebus</strong></span> <span class='ocrx_word' id='word_1_260' title='bbox 1519 3746 1592 3788; x_wconf 83' lang='lat' dir='ltr'><strong>ex</strong></span> <span class='ocrx_word' id='word_1_261' title='bbox 1621 3724 2002 3791; x_wconf 79' lang='lat' dir='ltr'><strong>Vltoniorum</strong></span> <span class='ocrx_word' id='word_1_262' title='bbox 2047 3726 2353 3794; x_wconf 89' lang='lat' dir='ltr'><strong>obsidibus</strong></span> <span class='ocrx_word' id='word_1_263' title='bbox 2384 3729 2571 3817; x_wconf 89' lang='lat' dir='ltr'><strong>Hugo</strong></span> <span class='ocrx_word' id='word_1_264' title='bbox 2601 3732 2969 3800; x_wconf 87' lang='lat' dir='ltr'><strong>O&#39;Donellus</strong></span> <span class='ocrx_word' id='word_1_265' title='bbox 3000 3734 3220 3815; x_wconf 84' lang='lat' dir='ltr'><strong>Ruber,</strong></span> <span class='ocrx_word' id='word_1_266' title='bbox 3303 3806 3309 3813; x_wconf 67' lang='grc'><em>,</em></span> 
     </span>
     <span class='ocr_line' id='line_1_31' title="bbox 839 3810 3218 3908; baseline 0.005 -33"><span class='ocrx_word' id='word_1_267' title='bbox 839 3810 1059 3875; x_wconf 80' lang='lat' dir='ltr'><strong>Daniel</strong></span> <span class='ocrx_word' id='word_1_268' title='bbox 1162 3832 1230 3875; x_wconf 88' lang='lat' dir='ltr'><strong>ac</strong></span> <span class='ocrx_word' id='word_1_269' title='bbox 1260 3810 1546 3876; x_wconf 86' lang='lat' dir='ltr'><strong>Suinnius</strong></span> <span class='ocrx_word' id='word_1_270' title='bbox 1575 3810 1899 3891; x_wconf 87' lang='lat' dir='ltr'><strong>Coeruleus,</strong></span> <span class='ocrx_word' id='word_1_271' title='bbox 1938 3814 1989 3879; x_wconf 66' lang='lat'><strong>8⁶</strong></span> <span class='ocrx_word' id='word_1_272' title='bbox 2020 3812 2207 3879; x_wconf 90' lang='lat' dir='ltr'><strong>Huon</strong></span> <span class='ocrx_word' id='word_1_273' title='bbox 2252 3816 2672 3899; x_wconf 83' lang='lat' dir='ltr'><strong>O’Gallachur,</strong></span> <span class='ocrx_word' id='word_1_274' title='bbox 2706 3820 2779 3886; x_wconf 90' lang='lat' dir='ltr'><strong>de</strong></span> <span class='ocrx_word' id='word_1_275' title='bbox 2808 3821 3023 3906; x_wconf 88' lang='lat' dir='ltr'><strong>quibus</strong></span> <span class='ocrx_word' id='word_1_276' title='bbox 3048 3844 3218 3908; x_wconf 89' lang='lat' dir='ltr'><strong>supe-</strong></span> 
     </span>
     <span class='ocr_line' id='line_1_32' title="bbox 835 3897 3220 3989; baseline 0.005 -27"><span class='ocrx_word' id='word_1_277' title='bbox 835 3897 962 3962; x_wconf 73' lang='lat' dir='ltr'><strong>rius</strong></span> <span class='ocrx_word' id='word_1_278' title='bbox 990 3897 1175 3962; x_wconf 91' lang='lat' dir='ltr'><strong>locuti</strong></span> <span class='ocrx_word' id='word_1_279' title='bbox 1225 3918 1451 3978; x_wconf 89' lang='lat' dir='ltr'><strong>sumus,</strong></span> <span class='ocrx_word' id='word_1_280' title='bbox 1483 3921 1555 3962; x_wconf 84' lang='lat' dir='ltr'><strong>ex</strong></span> <span class='ocrx_word' id='word_1_281' title='bbox 1583 3920 1716 3964; x_wconf 85' lang='lat' dir='ltr'><strong>arce</strong></span> <span class='ocrx_word' id='word_1_282' title='bbox 1763 3899 2208 3967; x_wconf 85' lang='lat' dir='ltr'><strong>Dubhlinnensi</strong></span> <span class='ocrx_word' id='word_1_283' title='bbox 2256 3902 2517 3989; x_wconf 80' lang='lat' dir='ltr'><strong>fugiunt.</strong></span> <span class='ocrx_word' id='word_1_284' title='bbox 2603 3906 2897 3973; x_wconf 76' lang='lat' dir='ltr'><strong>Oieterum</strong></span> <span class='ocrx_word' id='word_1_285' title='bbox 2927 3906 3128 3974; x_wconf 83' lang='lat' dir='ltr'><strong>Ruber</strong></span> <span class='ocrx_word' id='word_1_286' title='bbox 3155 3910 3220 3973; x_wconf 90' lang='lat' dir='ltr'><strong>in</strong></span> 
     </span>
     <span class='ocr_line' id='line_1_33' title="bbox 837 3980 3218 4078; baseline 0.005 -29"><span class='ocrx_word' id='word_1_287' title='bbox 837 3982 1132 4049; x_wconf 83' lang='lat' dir='ltr'><strong>Felmium</strong></span> <span class='ocrx_word' id='word_1_288' title='bbox 1194 3980 1579 4049; x_wconf 85' lang='lat' dir='ltr'><strong>O&#39;Tuehilem</strong></span> <span class='ocrx_word' id='word_1_289' title='bbox 1629 3986 1891 4071; x_wconf 88' lang='lat' dir='ltr'><strong>equitem</strong></span> <span class='ocrx_word' id='word_1_290' title='bbox 1942 3984 2249 4069; x_wconf 88' lang='lat' dir='ltr'><strong>Ibernum,</strong></span> <span class='ocrx_word' id='word_1_291' title='bbox 2282 3991 2333 4055; x_wconf 68' lang='grc' dir='ltr'><strong>δι</strong></span> <span class='ocrx_word' id='word_1_292' title='bbox 2378 3992 2599 4078; x_wconf 79' lang='lat' dir='ltr'><strong>reginoe</strong></span> <span class='ocrx_word' id='word_1_293' title='bbox 2647 3995 2948 4060; x_wconf 87' lang='lat' dir='ltr'><strong>ministros</strong></span> <span class='ocrx_word' id='word_1_294' title='bbox 2988 3995 3218 4061; x_wconf 88' lang='lat' dir='ltr'><strong>incidit.</strong></span> 
     </span>
     <span class='ocr_line' id='line_1_34' title="bbox 835 4069 3221 4158; baseline 0.005 -23"><span class='ocrx_word' id='word_1_295' title='bbox 835 4069 1103 4136; x_wconf 84' lang='lat' dir='ltr'><strong>Felmius</strong></span> <span class='ocrx_word' id='word_1_296' title='bbox 1131 4071 1342 4135; x_wconf 84' lang='lat' dir='ltr'><strong>statuit</strong></span> <span class='ocrx_word' id='word_1_297' title='bbox 1384 4092 1521 4136; x_wconf 89' lang='lat' dir='ltr'><strong>eum</strong></span> <span class='ocrx_word' id='word_1_298' title='bbox 1570 4072 1777 4137; x_wconf 87' lang='lat' dir='ltr'><strong>inuitis</strong></span> <span class='ocrx_word' id='word_1_299' title='bbox 1805 4072 1984 4158; x_wconf 85' lang='lat' dir='ltr'><strong>regiis</strong></span> <span class='ocrx_word' id='word_1_300' title='bbox 2012 4074 2298 4141; x_wconf 86' lang='lat' dir='ltr'><strong>ministris</strong></span> <span class='ocrx_word' id='word_1_301' title='bbox 2340 4077 2652 4158; x_wconf 88' lang='lat' dir='ltr'><strong>dimittere,</strong></span> <span class='ocrx_word' id='word_1_302' title='bbox 2697 4080 2860 4146; x_wconf 86' lang='lat' dir='ltr'><strong>haud</strong></span> <span class='ocrx_word' id='word_1_303' title='bbox 2909 4079 3125 4147; x_wconf 86' lang='lat' dir='ltr'><strong>dubius</strong></span> <span class='ocrx_word' id='word_1_304' title='bbox 3154 4104 3221 4147; x_wconf 84' lang='lat' dir='ltr'><strong>se</strong></span> 
     </span>
     <span class='ocr_line' id='line_1_35' title="bbox 836 4158 3221 4239; baseline 0.005 -16"><span class='ocrx_word' id='word_1_305' title='bbox 836 4158 1212 4223; x_wconf 83' lang='lat' dir='ltr'><strong>fortunarum</strong></span> <span class='ocrx_word' id='word_1_306' title='bbox 1261 4158 1588 4223; x_wconf 87' lang='lat' dir='ltr'><strong>inacturam</strong></span> <span class='ocrx_word' id='word_1_307' title='bbox 1642 4159 1948 4238; x_wconf 64' lang='lat' dir='ltr'><strong>acturum,</strong></span> <span class='ocrx_word' id='word_1_308' title='bbox 2004 4162 2055 4226; x_wconf 68' lang='grc' dir='ltr'><strong>δι</strong></span> <span class='ocrx_word' id='word_1_309' title='bbox 2103 4162 2167 4226; x_wconf 90' lang='lat' dir='ltr'><strong>in</strong></span> <span class='ocrx_word' id='word_1_310' title='bbox 2226 4162 2539 4231; x_wconf 88' lang='lat' dir='ltr'><strong>discrimen</strong></span> <span class='ocrx_word' id='word_1_311' title='bbox 2599 4174 2932 4233; x_wconf 86' lang='lat' dir='ltr'><strong>venturum.</strong></span> <span class='ocrx_word' id='word_1_312' title='bbox 3037 4168 3221 4239; x_wconf 82' lang='lat' dir='ltr'><strong>Quod</strong></span> 
     </span>
     <span class='ocr_line' id='line_1_36' title="bbox 835 4181 3220 4331; baseline 0.005 -21"><span class='ocrx_word' id='word_1_313' title='bbox 835 4244 1059 4310; x_wconf 78' lang='lat' dir='ltr'><strong>malum</strong></span> <span class='ocrx_word' id='word_1_314' title='bbox 1131 4243 1348 4308; x_wconf 87' lang='lat' dir='ltr'><strong>timens</strong></span> <span class='ocrx_word' id='word_1_315' title='bbox 1405 4244 1564 4309; x_wconf 85' lang='lat' dir='ltr'><strong>Rosa</strong></span> <span class='ocrx_word' id='word_1_316' title='bbox 1620 4181 1708 4309; x_wconf 53' lang='lat' dir='ltr'><strong>{Ii</strong></span> <span class='ocrx_word' id='word_1_317' title='bbox 1763 4246 1978 4311; x_wconf 86' lang='lat' dir='ltr'><strong>Tuehil</strong></span> <span class='ocrx_word' id='word_1_318' title='bbox 2034 4246 2247 4313; x_wconf 81' lang='lat' dir='ltr'><strong>Felmii</strong></span> <span class='ocrx_word' id='word_1_319' title='bbox 2303 4272 2487 4331; x_wconf 87' lang='lat' dir='ltr'><strong>soror,</strong></span> <span class='ocrx_word' id='word_1_320' title='bbox 2534 4254 2587 4317; x_wconf 73' lang='grc' dir='ltr'><strong>δι</strong></span> <span class='ocrx_word' id='word_1_321' title='bbox 2643 4252 2848 4319; x_wconf 77' lang='lat' dir='ltr'><strong>Fiachi</strong></span> <span class='ocrx_word' id='word_1_322' title='bbox 2898 4254 3220 4321; x_wconf 88' lang='lat' dir='ltr'><strong>O’Bruinis</strong></span> 
     </span>
     <span class='ocr_line' id='line_1_37' title="bbox 635 4330 3219 4420; baseline 0.005 -27"><span class='ocrx_word' id='word_1_323' title='bbox 635 4340 816 4411; x_wconf 75' lang='lat'><em>[122]</em></span> <span class='ocrx_word' id='word_1_324' title='bbox 839 4334 1040 4415; x_wconf 73' lang='lat' dir='ltr'><strong>vxor,u</strong></span> <span class='ocrx_word' id='word_1_325' title='bbox 1118 4330 1286 4395; x_wconf 81' lang='lat' dir='ltr'><strong>fratri</strong></span> <span class='ocrx_word' id='word_1_326' title='bbox 1356 4332 1666 4417; x_wconf 83' lang='lat' dir='ltr'><strong>persuasit,</strong></span> <span class='ocrx_word' id='word_1_327' title='bbox 1726 4342 1792 4397; x_wconf 85' lang='lat' dir='ltr'><strong>vt</strong></span> <span class='ocrx_word' id='word_1_328' title='bbox 1866 4356 2007 4412; x_wconf 80' lang='lat' dir='ltr'><strong>suae,</strong></span> <span class='ocrx_word' id='word_1_329' title='bbox 2083 4342 2261 4420; x_wconf 89' lang='lat' dir='ltr'><strong>atque</strong></span> <span class='ocrx_word' id='word_1_330' title='bbox 2310 4336 2501 4404; x_wconf 89' lang='lat' dir='ltr'><strong>Rubri</strong></span> <span class='ocrx_word' id='word_1_331' title='bbox 2553 4340 2729 4405; x_wconf 82' lang='lat' dir='ltr'><strong>simul</strong></span> <span class='ocrx_word' id='word_1_332' title='bbox 2772 4340 2949 4407; x_wconf 84' lang='lat' dir='ltr'><strong>saluti</strong></span> <span class='ocrx_word' id='word_1_333' title='bbox 3005 4364 3219 4408; x_wconf 88' lang='lat' dir='ltr'><strong>consu·</strong></span> 
     </span>
     <span class='ocr_line' id='line_1_38' title="bbox 837 4417 3219 4515; baseline 0.005 -32"><span class='ocrx_word' id='word_1_334' title='bbox 837 4418 1021 4483; x_wconf 86' lang='lat' dir='ltr'><strong>leret:</strong></span> <span class='ocrx_word' id='word_1_335' title='bbox 1083 4417 1145 4482; x_wconf 91' lang='lat' dir='ltr'><strong>id</strong></span> <span class='ocrx_word' id='word_1_336' title='bbox 1192 4440 1265 4483; x_wconf 89' lang='lat' dir='ltr'><strong>ue</strong></span> <span class='ocrx_word' id='word_1_337' title='bbox 1337 4417 1505 4483; x_wconf 89' lang='lat' dir='ltr'><strong>illum</strong></span> <span class='ocrx_word' id='word_1_338' title='bbox 1581 4419 1897 4498; x_wconf 77' lang='lat' dir='ltr'><strong>factunm,</strong></span> <span class='ocrx_word' id='word_1_339' title='bbox 1961 4421 2012 4485; x_wconf 88' lang='lat' dir='ltr'><strong>si</strong></span> <span class='ocrx_word' id='word_1_340' title='bbox 2082 4424 2152 4486; x_wconf 69' lang='lat' dir='ltr'><strong>ea</strong></span> <span class='ocrx_word' id='word_1_341' title='bbox 2221 4432 2412 4489; x_wconf 88' lang='lat' dir='ltr'><strong>nocte.</strong></span> <span class='ocrx_word' id='word_1_342' title='bbox 2456 4424 2728 4494; x_wconf 88' lang='lat' dir='ltr'><strong>Rubrum</strong></span> <span class='ocrx_word' id='word_1_343' title='bbox 2778 4428 2938 4515; x_wconf 85' lang='lat' dir='ltr'><strong>apud</strong></span> <span class='ocrx_word' id='word_1_344' title='bbox 2994 4452 3059 4494; x_wconf 89' lang='lat' dir='ltr'><strong>se</strong></span> <span class='ocrx_word' id='word_1_345' title='bbox 3128 4451 3219 4494; x_wconf 87' lang='lat' dir='ltr'><strong>re·</strong></span> 
     </span>
     <span class='ocr_line' id='line_1_39' title="bbox 835 4438 3219 4597; baseline 0.005 -27"><span class='ocrx_word' id='word_1_346' title='bbox 835 4506 1052 4571; x_wconf 89' lang='lat' dir='ltr'><strong>tineret</strong></span> <span class='ocrx_word' id='word_1_347' title='bbox 1078 4438 1413 4571; x_wconf 42' lang='lat' dir='ltr'><strong>inkehiuo</strong></span> <span class='ocrx_word' id='word_1_348' title='bbox 1441 4504 1696 4571; x_wconf 81' lang='lat' dir='ltr'><strong>Oastello</strong></span> <span class='ocrx_word' id='word_1_349' title='bbox 1727 4506 2011 4587; x_wconf 81' lang='lat' dir='ltr'><strong>(caislean</strong></span> <span class='ocrx_word' id='word_1_350' title='bbox 2051 4507 2307 4597; x_wconf 84' lang='lat' dir='ltr'><strong>Kchin,)</strong></span> <span class='ocrx_word' id='word_1_351' title='bbox 2339 4511 2527 4578; x_wconf 91' lang='lat' dir='ltr'><strong>donec</strong></span> <span class='ocrx_word' id='word_1_352' title='bbox 2556 4536 2591 4577; x_wconf 90' lang='lat' dir='ltr'><strong>a</strong></span> <span class='ocrx_word' id='word_1_353' title='bbox 2618 4515 2829 4581; x_wconf 81' lang='lat' dir='ltr'><strong>marito</strong></span> <span class='ocrx_word' id='word_1_354' title='bbox 2858 4537 2970 4581; x_wconf 91' lang='lat' dir='ltr'><strong>suo</strong></span> <span class='ocrx_word' id='word_1_355' title='bbox 2996 4516 3219 4581; x_wconf 75' lang='lat' dir='ltr'><strong>Fiacho</strong></span> 
     </span>
    </p>
   </div>
   <div class='ocr_carea' id='block_1_8' title="bbox 837 4700 3219 4847">
    <p class='ocr_par' dir='ltr' id='par_1_8' title="bbox 837 4700 3219 4847">
     <span class='ocr_line' id='line_1_40' title="bbox 905 4700 3219 4784; baseline 0.009 -30"><span class='ocrx_word' id='word_1_356' title='bbox 905 4702 928 4729; x_wconf 76' lang='lat'><strong><em>‘</em></strong></span> <span class='ocrx_word' id='word_1_357' title='bbox 969 4700 1104 4756; x_wconf 84' lang='lat' dir='ltr'><strong>This</strong></span> <span class='ocrx_word' id='word_1_358' title='bbox 1127 4702 1354 4774; x_wconf 82' lang='lat' dir='ltr'><strong>chapter</strong></span> <span class='ocrx_word' id='word_1_359' title='bbox 1378 4720 1568 4777; x_wconf 81' lang='lat' dir='ltr'><strong>agrees</strong></span> <span class='ocrx_word' id='word_1_360' title='bbox 1592 4705 1648 4758; x_wconf 89' lang='lat' dir='ltr'><strong>in</strong></span> <span class='ocrx_word' id='word_1_361' title='bbox 1675 4704 1768 4763; x_wconf 85' lang='lat' dir='ltr'><strong>the</strong></span> <span class='ocrx_word' id='word_1_362' title='bbox 1794 4706 1938 4761; x_wconf 85' lang='lat' dir='ltr'><strong>main</strong></span> <span class='ocrx_word' id='word_1_363' title='bbox 1966 4708 2097 4764; x_wconf 76' lang='lat' dir='ltr'><strong>with</strong></span> <span class='ocrx_word' id='word_1_364' title='bbox 2126 4710 2387 4774; x_wconf 83' lang='lat' dir='ltr'><strong>Oamden,</strong></span> <span class='ocrx_word' id='word_1_365' title='bbox 2414 4712 2561 4768; x_wconf 79' lang='lat' dir='ltr'><strong>A.D.</strong></span> <span class='ocrx_word' id='word_1_366' title='bbox 2592 4718 2745 4784; x_wconf 81' lang='lat'><strong>1589,</strong></span> <span class='ocrx_word' id='word_1_367' title='bbox 2766 4721 2852 4771; x_wconf 88' lang='grc'><strong>90.</strong></span> <span class='ocrx_word' id='word_1_368' title='bbox 2932 4717 3037 4773; x_wconf 86' lang='lat' dir='ltr'><strong>See</strong></span> <span class='ocrx_word' id='word_1_369' title='bbox 3060 4716 3219 4773; x_wconf 78' lang='lat' dir='ltr'><strong>Four</strong></span> 
     </span>
     <span class='ocr_line' id='line_1_41' title="bbox 837 4770 3214 4847; baseline 0.009 -23"><span class='ocrx_word' id='word_1_370' title='bbox 837 4770 1093 4835; x_wconf 82' lang='lat' dir='ltr'><strong>Masters,</strong></span> <span class='ocrx_word' id='word_1_371' title='bbox 1118 4790 1172 4843; x_wconf 85' lang='lat' dir='ltr'><strong>p.</strong></span> <span class='ocrx_word' id='word_1_372' title='bbox 1207 4777 1360 4829; x_wconf 87' lang='grc'><strong>1888.</strong></span> <span class='ocrx_word' id='word_1_373' title='bbox 1438 4776 1602 4831; x_wconf 80' lang='lat' dir='ltr'><strong>Aodh</strong></span> <span class='ocrx_word' id='word_1_374' title='bbox 1627 4776 1692 4831; x_wconf 83' lang='lat' dir='ltr'><strong>of</strong></span> <span class='ocrx_word' id='word_1_375' title='bbox 1708 4777 1800 4833; x_wconf 84' lang='lat' dir='ltr'><strong>the</strong></span> <span class='ocrx_word' id='word_1_376' title='bbox 1826 4778 2049 4834; x_wconf 80' lang='lat' dir='ltr'><strong>Fetters</strong></span> <span class='ocrx_word' id='word_1_377' title='bbox 2074 4800 2185 4839; x_wconf 81' lang='lat' dir='ltr'><strong>was</strong></span> <span class='ocrx_word' id='word_1_378' title='bbox 2210 4800 2245 4837; x_wconf 86' lang='lat' dir='ltr'><strong>a</strong></span> <span class='ocrx_word' id='word_1_379' title='bbox 2266 4780 2456 4838; x_wconf 75' lang='lat' dir='ltr'><strong>son&#39;of</strong></span> <span class='ocrx_word' id='word_1_380' title='bbox 2470 4784 2621 4841; x_wconf 81' lang='lat' dir='ltr'><strong>John</strong></span> <span class='ocrx_word' id='word_1_381' title='bbox 2660 4786 2787 4842; x_wconf 84' lang='lat' dir='ltr'><strong>O&#39;N</strong></span> <span class='ocrx_word' id='word_1_382' title='bbox 2789 4788 2858 4843; x_wconf 86' lang='lat' dir='ltr'><strong>eil</strong></span> <span class='ocrx_word' id='word_1_383' title='bbox 2882 4788 2975 4843; x_wconf 83' lang='lat' dir='ltr'><strong>the</strong></span> <span class='ocrx_word' id='word_1_384' title='bbox 3002 4788 3214 4847; x_wconf 83' lang='lat' dir='ltr'><strong>Proud.</strong></span> 
     </span>
    </p>
   </div>
   <div class='ocr_carea' id='block_1_9' title="bbox 3610 4978 3618 5615">
    <p class='ocr_par' dir='ltr' id='par_1_9' title="bbox 3610 4978 3618 5615">
     <span class='ocr_line' id='line_1_42' title="bbox 3610 4978 3618 5615; baseline 0 0"><span class='ocrx_word' id='word_1_385' title='bbox 3610 4978 3618 5615; x_wconf 95' lang='lat' dir='ltr'><strong> </strong></span> 
     </span>
    </p>
   </div>
  </div>
 </body>
</html>
