3634 5842
327 748 470 795 car.
495 728 631 813 xm]
1069 750 1353 797 mmm
1396 750 1512 796 sus
1555 750 1967 797 umanum.
2580 731 2705 794 113

325 900 571 982 tholico‚
603 904 738 989 quis
765 904 843 968 sit
869 903 934 969 in
965 901 1206 969 Ibernia
1231 926 1428 970 rerum
1477 908 1666 969 status
1718 904 1981 989 exponit,
2012 898 2089 967 ab
2136 899 2358 986 illoque
2387 900 2708 969 Catholicis

321 988 472 1075 petit
502 990 808 1056 auxilium.
897 988 1049 1055 Inde
1121 1013 1184 1055 er
1212 990 1466 1057 Galliam
1495 990 1748 1057 Romam
1775 988 2199 1077 proficiscitur:
2245 987 2351 1053 ubi
2380 994 2525 1053 tunc
2556 995 2705 1055 tem·

321 1076 484 1161 poris
505 1082 632 1141 erat
651 1076 960 1142 Cornelius
988 1075 1064 1141 O'
1141 1076 1439 1143 elriannus
1467 1077 1896 1144 Franciscanus
1911 1075 2224 1161 religiosus
2253 1075 2707 1141 Killaloacensis

321 1163 636 1249 episcopus
665 1162 921 1229 Ibernus
949 1169 1010 1229 et
1035 1162 1293 1229 Thomas
1323 1164 1604 1244 Stuclius,
1637 1164 1741 1251 qui
1769 1162 1846 1229 ab
1875 1164 2005 1229 aliis
2052 1161 2303 1228 Henrici
2330 1162 2519 1227 VIII.
2550 1164 2707 1249 regis

323 1248 563 1335 Angliae
609 1250 768 1315 filius
824 1250 1064 1329 nothus,
1117 1249 1191 1315 ab
1243 1250 1371 1316 aliis
1417 1253 1615 1337 equite
1663 1250 1867 1337 Anglo
1917 1256 2083 1336 patre
2140 1255 2203 1314 et
2234 1248 2477 1323 ,Iberna
2519 1257 2707 1315 matre

319 1336 580 1421 genitus,
611 1335 684 1401 ab
715 1337 844 1402 aliis
873 1336 1116 1402 omninb
1151 1336 1406 1403 Ibernus
1453 1337 1798 1424 perhibetur
1846 1342 1908 1402 et
1954 1335 2051 1401 vel
2092 1335 2308 1421 Anglis
2354 1336 2560 1416 iratus,
2611 1338 2711 1402 vel

320 1423 540 1507 pietate
585 1430 803 1503 motus,
850 1422 945 1489 vel
993 1446 1281 1490 novarum
1324 1448 1524 1490 rerum
1573 1424 1830 1510 bellique
1879 1421 2150 1509 cupidus,
2182 1431 2243 1487 et
2282 1422 2425 1487 inde
2466 1445 2707 1509 sperans

319 1508 545 1593 aliquid
571 1510 940 1591 incrementi,
964 1510 1060 1576 vel
1087 1510 1161 1576 ad
1191 1533 1443 1597 regnum
1463 1512 1729 1597 aspirans
1744 1511 1837 1575 vir
1855 1511 2055 1576 forsan
2070 1509 2235 1595 regio
2264 1530 2478 1595 genere
2506 1514 2705 1589 natus,

323 1593 676 1662 Ibernorum
725 1600 967 1663 nomine
1012 1597 1296 1663 auxilium
1345 1598 1412 1662 in
1459 1598 1692 1683 Anglos
1742 1595 2118 1683 efflagitabat.
2206 1594 2443 1661 Ibidem
2493 1594 2707 1681 agebat

319 1681 616 1748 Sanderus
644 1685 840 1769 gentis
886 1684 1158 1770 Anglicae
1203 1684 1402 1763 decus,
1431 1706 1676 1750 suorum
1701 1682 2075 1771 tyrannidem
2102 1682 2360 1767 fugiens,
2432 1690 2707 1767 ostquam

319 1768 394 1833 de
422 1770 681 1856 Anglico
709 1772 1026 1837 schismate
1053 1770 1271 1836 librum
1315 1770 1601 1837 condidit.
1687 1771 1783 1837 Eo
1811 1778 2077 1856 tempore
2103 1769 2380 1837 nonnulli
2464 1776 2707 1835 tronum

318 1857 609 1943 manipuli
636 1858 874 1923 Italiam
901 1880 1026 1924 non
1055 1880 1266 1944 parum
1293 1857 1674 1938 infestabant,
1715 1858 1861 1923 dum
1890 1879 1964 1922 ex
1991 1856 2168 1943 sylvis
2198 1863 2260 1922 et
2287 1855 2610 1935 montibus,
2641 1857 2707 1921 in

319 1943 538 2027 quibus
563 1943 846 2025 latebant,
881 1953 1275 2031 erumpentes,
1304 1945 1613 2010 nocturnis
1661 1946 1884 2031 rapinis
1930 1951 1990 2009 et
2031 1942 2491 2023 incursionibus,
2521 1965 2708 2029 pagos

320 2030 432 2095 diri
474 2030 694 2111 iebant,
725 2040 784 2097 et
811 2033 1024 2097 itinera
1052 2031 1389 2098 obsidentes
1416 2032 1670 2098 viatores
1697 2030 2049 2119 spoliabant.
2094 2029 2135 2094 J
2138 2031 2327 2096 aimus
2349 2029 2707 2115 Gregorium

324 2114 426 2181 XI
465 2116 520 2183 I.
572 2118 927 2185 Pontificem
971 2119 1307 2184 Maximum
1353 2124 1574 2198 exorat,
1620 2124 1691 2184 ut
1735 2118 1995 2185 ecclesiae
2038 2116 2343 2184 catholicae
2370 2118 2436 2182 in
2466 2116 2709 2182 Ibernia

314 2204 1636 2359 lismaffiiffiffssinssssnffiiissnsspffisscffss
1656 2205 2706 2359 daemmmassmissffifffflfissstffi

316 2375 434 2441 illis
462 2383 526 2442 et
551 2378 700 2458 aliis,
729 2379 890 2444 mille
917 2380 1134 2444 milites
1203 2380 1296 2445 lus
1323 2380 1524 2445 minus
1551 2381 1765 2467 coegit.
1852 2378 1976 2451 Qui
2016 2402 2091 2444 us
2120 2379 2400 2445 Summus
2427 2378 2707 2444 Pontifex

316 2461 498 2529 duces
567 2466 790 2545 raefecit
819 2464 1144 2531 Herculem
1245 2488 1477 2546 sanum,
1523 2467 1717 2531 virum
1766 2466 2137 2545 fortitudine,
2184 2466 2387 2550 reique
2430 2465 2703 2529 militaris

316 2549 532 2614 scienti
597 2550 840 2630 clarum,
872 2551 1136 2637 aliosque
1187 2552 1488 2617 Romanos
1523 2552 1741 2619 milites
1769 2553 1835 2617 in
1864 2574 2045 2617 naves
2070 2552 2383 2637 impositos
2412 2552 2536 2616 una
2563 2572 2701 2615 cum

315 2634 596 2700 Cornelio
618 2636 942 2722 ·Episcopo
992 2646 1054 2701 et
1105 2636 1366 2703 Sandero
1412 2637 1693 2704 Doctore.
1771 2638 1814 2702 J
1815 2639 2005 2704 aimus
2049 2638 2408 2717 Stucklium,
2432 2635 2605 2723 jubet
2631 2644 2705 2701 ut

316 2720 742 2808 Ulyssiponem
772 2722 968 2804 ducat,
998 2723 1201 2809 ibique
1229 2726 1426 2810 ipsum
1455 2730 1699 2810 spectet,
1719 2724 1909 2790 donec
1936 2746 2181 2789 uxorem
2211 2746 2388 2809 quam
2416 2725 2480 2788 in
2510 2722 2707 2787 Gallia

313 2808 653 2894 reliquerat,
685 2808 925 2875 deferat.
1017 2808 1320 2875 Stucklius
1349 2809 1576 2877 Italicis
1603 2811 1721 2875 oris
1765 2832 1998 2896 puppes
2024 2816 2260 2875 vertens
2288 2810 2708 2896 Ulyssiponem

317 2895 595 2962 secundis
623 2898 816 2961 ventis
845 2897 1108 2963 defertur
1133 2896 1252 2961 illis
1281 2896 1509 2976 diebus,
1541 2896 1758 2982 quibus
1804 2896 2186 2963 Sebastianus
2227 2896 2563 2962 Lusitaniae
2605 2918 2711 2960 rex

319 2982 578 3070 inclytus
603 2983 671 3047 in
699 2983 1124 3051 Mauritaniam
1150 2982 1403 3049 faciebat
1445 2984 1901 3070 expeditionem.
1988 2984 2118 3050 Rex
2160 3008 2196 3049 a
2225 2983 2514 3061 Stucklio,
2545 2994 2616 3049 ut
2642 2984 2709 3047 in

327 3068 758 3135 Mauritaniam
787 3093 989 3137 secum
1037 3071 1421 3151 transmittat,
1451 3072 1622 3157 petit,
1651 3070 1954 3157 pollicitus
1979 3078 2121 3158 post
2146 3071 2403 3137 reditum
2432 3070 2529 3135 vel
2556 3070 2711 3156 seip-

320 3177 455 3221 sum
483 3178 621 3223 cum
651 3157 923 3223 Stucklio
965 3160 1030 3223 in
1057 3157 1380 3224 ·Iberniam
1429 3158 1827 3244 trajecturam,
1858 3158 1954 3224 vel
1995 3162 2153 3225 certe
2182 3160 2380 3246 copias
2406 3157 2711 3224 uberiores

321 3242 600 3307 daturum
627 3244 704 3309 ad
733 3246 1102 3311 asserendam
1151 3244 1313 3311 illam
1358 3244 1613 3311 insulam
1639 3245 1706 3310 in
1732 3244 2084 3312 libertatem.
2176 3245 2481 3312 Stucklius
2510 3245 2708 3310 animo

317 3326 712 3397 libentissimo
739 3332 1139 3398 conditionem
1171 3332 1482 3418 accipiens,
1511 3333 1578 3398 in
1605 3331 1710 3397 illa
1737 3333 2049 3399 notissima
2080 3334 2246 3400 clade
2260 3333 2706 3410 Lusitanorum,

319 3417 516 3501 gentis
549 3416 806 3503 inclytae,
835 3421 960 3484 una
985 3441 1123 3485 cum
1171 3418 1494 3485 clarissimo
1541 3441 1682 3505 rege
1724 3418 2091 3501 Sebastiam,
2120 3419 2503 3486 barbarorum
2531 3419 2710 3483 armis

319 3502 622 3569 occubuit.
707 3504 806 3569 Ex
835 3508 954 3591 qua
1003 3506 1170 3571 clade
1217 3505 1376 3585 Itali,
1409 3506 1514 3592 qui
1557 3506 1999 3592 superfuerunt,
2031 3508 2097 3572 in
2129 3508 2247 3573 His
2292 3508 2487 3571 aniam
2516 3527 2705 3570 rever-

327 3596 580 3655 tuntur:
628 3612 748 3676 quo
777 3593 956 3659 etiam
984 3593 1027 3658 J
1027 3594 1217 3658 aimus
1239 3593 1365 3679 jam
1392 3600 1674 3672 venerat;
1720 3592 1827 3679 qui
1867 3594 2122 3679 receptis
2150 3594 2187 3658 I
2276 3594 2288 3607 '
2351 3592 2709 3657 Mauritanae

321 3676 508 3741 cladis
553 3699 627 3742 su
699 3676 991 3757 rstitibus,
1020 3686 1081 3744 et
1125 3677 1434 3744 Cantabris
1461 3678 1667 3764 paucis
1687 3701 1724 3742 a
1749 3700 1891 3765 rege
1916 3678 2243 3758 Oathnlicn,
2272 3678 2491 3743 milites
2518 3679 2709 3743 octin-

393 3770 534 3829 ntos
560 3700 818 3830 hazeebat
843 3792 857 3829 ε
910 3765 1154 3851 (quibus
1179 3771 1254 3830 ut
1279 3764 1494 3830 author
1523 3772 1616 3830 est
1645 3764 1908 3830 Michael
1932 3765 2008 3829 ab
2055 3764 2297 3849 Isselto)
2332 3764 2574 3851 quidam
2604 3764 2709 3829 Se-

359 3850 627 3917 astianus
657 3852 779 3917 San
806 3850 1109 3938 «Iosephus
1136 3851 1413 3917 tribunus
1439 3850 1700 3915 militum
1731 3850 1963 3916 Summi
1984 3852 2291 3919 Pontificis
2310 3850 2545 3917 decreto
2566 3873 2708 3917 con-

320 3937 613 4003 stituitur.
702 3938 820 4003 His
847 3938 916 4004 in
943 3960 1124 4003 naves
1155 3960 1257 4003 sex
1281 3937 1599 4023 impositis,
1630 3958 1770 4002 cum
1811 3960 2032 4023 magno
2062 3946 2415 4019 commeatu,
2448 3945 2708 4004 tormen-

318 4024 486 4089 tariis
535 4024 1041 4103 machinamentis,
1094 4024 1272 4090 armis
1299 4024 1375 4090 ad
1422 4023 1771 4090 instruenda
1820 4034 2079 4110 quatuor
2120 4026 2307 4093 millia
2354 4026 2713 4092 Ibernorum

320 4110 363 4174 J
363 4111 558 4176 aimus
573 4134 712 4177 cum
733 4111 1008 4178 Cornelio
1025 4112 1323 4198 Episcopo
1352 4120 1414 4176 et
1443 4110 1706 4176 Sandero
1735 4111 1997 4178 Doctore
2024 4135 2097 4179 ex
2127 4112 2423 4201 Hispania
2446 4114 2515 4179 in
2544 4112 2710 4178 Iber-

318 4198 483 4263 niam
501 4198 738 4264 solvens
759 4221 1042 4285 prospero
1058 4220 1240 4265 cursu
1259 4198 1526 4285 pervenit
1542 4198 1606 4263 in
1629 4197 2081 4265 Ardnacantum
2096 4206 2360 4301 portum,
2370 4201 2477 4287 qui
2492 4198 2711 4286 Anglis

329 4284 612 4351 Smerwic
639 4293 904 4367 vocatur,
929 4287 1104 4386 juxta
1130 4285 1514 4371 Danguinam
1534 4284 1890 4371 oppidum*
1956 4286 2071 4351 Est
2098 4308 2163 4353 m
2190 4310 2261 4353 eo
2289 4292 2473 4374 portu
2500 4308 2711 4372 scopu·-

321 4370 417 4436 lus
447 4370 750 4458 (Aureum
779 4380 1218 4439 munimentum
1245 4378 1460 4437 vocant
1488 4371 1725 4456 accolae)
1759 4376 1975 4439 natura
2003 4374 2147 4439 satis
2174 4374 2463 4453 munitus,
2492 4374 2710 4459 partim

322 4458 566 4523 marinis
594 4457 877 4526 fluctibus
905 4459 1145 4540 allutus,
1188 4460 1406 4546 partim
1451 4458 1702 4544 rupibus
1750 4458 1886 4524 altis
1928 4461 2290 4545 praescissus,
2339 4482 2476 4526 cum
2520 4462 2709 4526 eonti-

396 4619 421 4645 ⁶
463 4617 838 4673 Fitzmaurice
859 4619 1058 4675 lauded
1083 4626 1142 4673 at
1165 4615 1482 4679 Smerwick,
1496 4632 1630 4669 near
1644 4613 1758 4668 nin
1796 4615 1851 4670 le
1873 4615 2275 4701 (Danguinam)
2300 4618 2357 4672 in
2378 4618 2417 4671 J
2420 4618 2529 4691 uly,
2552 4620 2707 4687 1579,

325 4686 456 4742 with
479 4690 608 4761 only
632 4690 790 4744 three
813 4690 970 4745 small
993 4691 1140 4763 ships
1163 4690 1273 4747 and
1293 4692 1366 4743 80
1389 4686 1635 4741 soldiers.
1713 4686 1762 4739 Τ
1805 4704 1837 4740 e
1852 4687 2164 4759 expedition
2180 4689 2357 4745 under
2372 4689 2481 4746 San
2502 4690 2709 4763 «Ioseph

324 4758 544 4815 arrived
567 4768 628 4815 at
649 4760 744 4814 the
767 4778 912 4815 same
935 4762 1088 4833 place
1112 4769 1209 4815 not
1232 4760 1373 4814 until
1403 4758 1556 4820 18⁵0,
1581 4755 1726 4811 after
1749 4757 1844 4813 the
1869 4757 2032 4814 death
2054 4759 2120 4813 of
2136 4760 2519 4817 Fitzmaurice.
2560 4762 2711 4818 Fom-

325 4828 792 4888 Manem-001.
869 4832 989 4887 The
1013 4833 1168 4887 three
1191 4831 1340 4904 ships
1364 4848 1508 4885 were
1529 4828 1694 4883 taken
1720 4828 1788 4901 by
1814 4830 1909 4887 the
1931 4830 2183 4904 English.

674 4904 752 4967 15
