3634 5842
363 717 499 762 car.
533 697 640 781 11.]
847 717 928 764 m:
974 717 1350 764 wermonon
1397 719 1684 777 omenta,
1731 720 2129 780 nonum-re,
2179 702 2283 766 Soc.
2666 707 2747 768 33

353 870 584 1022 gipussi·
647 869 1368 1024 Quitiniertlpaeoertizhieio
1399 871 1738 1022 degzuleniiirlit
1768 871 2023 1025 Ibertuortna
2048 873 2307 972 Fuscum
2355 872 2505 1028 1Iltlzris
2548 874 2748 975 fratris

357 979 450 1022 sm
565 979 693 1023 ium
737 981 771 1024 e
911 979 950 1022 u
1022 979 1124 1024 um
1427 981 1583 1024 anu
1701 981 1845 1037 ium,
2026 983 2083 1025 m
2126 983 2201 1026 ue
2257 983 2351 1026 ins
2453 982 2513 1024 m
2570 983 2747 1028 armis

355 1042 742 1129 subegerunt.
822 1041 906 1108 Et
964 1045 1105 1128 quia
1144 1043 1304 1110 Eber
1351 982 1483 1110 ‘Pus
1532 1044 1746 1110 litteris
1803 1046 2043 1115 deditus
2088 983 2167 1112 tin
2222 1047 2505 1114 eaelibatu
2560 1049 2747 1116 vitam

355 1131 666 1217 transegit,
699 1154 772 1196 ex
813 1129 932 1196 illis
979 1138 1234 1216 quatuor
1277 1131 1313 1196 I
1355 1151 1498 1197 erno
1527 1131 1819 1213 Candido,
1872 1132 2177 1213 Erimone,
2208 1133 2387 1200 Ibero
2436 1134 2655 1214 FuseO,
2686 1144 2747 1202 et

355 1215 562 1282 Lutho
590 1217 1002 1304 antiquissima
1029 1217 1384 1284 Ibernorum
1409 1217 1712 1298 nobilitas,
1742 1241 1884 1304 quae
1913 1221 2188 1305 usquein
2215 1226 2443 1286 nostrae
2472 1221 2743 1287 historiae

353 1310 860 1395 tempus-perstat,
887 1306 1068 1370 traxit
1096 1305 1406 1391 originem,
1429 1330 1466 1371 a
1493 1306 1740 1371 diversis
1760 1307 1857 1371 sui
1876 1308 2108 1392 generis
2136 1307 2484 1372 authoribus
2513 1308 2745 1374 diversa

353 1392 596 1457 nomina
645 1393 870 1470 sortita,
923 1389 1087 1457 Iberi
1133 1401 1194 1457 et
1240 1392 1445 1458 Iberni
1489 1392 1565 1458 ab
1594 1392 1772 1458 Ibero
1817 1393 2109 1472 Candido,
2154 1393 2427 1462 Miliadae
2455 1418 2490 1459 a
2542 1395 2740 1461 Milite

355 1477 474 1542 His
515 1500 648 1558 ano,
669 1477 912 1545 Gatheli
939 1501 976 1542 a
1003 1478 1281 1558 Gathelo,
1315 1479 1478 1544 Sooti
1507 1503 1544 1544 a
1569 1481 1747 1545 Scota
1774 1486 2219 1566 nuncupantur.

491 1586 559 1629 os
588 1572 787 1631 autem
815 1565 990 1631 docet
1019 1565 1302 1631 Gir-aldus
1329 1565 1706 1632 Cambrensis
1750 1588 1823 1631 ex
1877 1566 2170 1654 Hispania
2197 1567 2262 1631 in
2278 1567 2589 1634 ‘Iberniam
2618 1575 2739 1635 tra-

341 1649 555 1735 jecisse
603 1675 758 1718 anno
790 1658 932 1718 ante
980 1650 1213 1718 obitum
1263 1652 1520 1732 Patritii,
1587 1653 1772 1740 hujus
1826 1653 2043 1718 insulae
2073 1653 2367 1738 praesidis,
2427 1655 2739 1722 miUesimo

347 1738 891 1824 octingentessimm
931 1740 997 1806 id
1025 1745 1133 1818 est,
1182 1745 1322 1806 ante
1347 1739 1617 1827 Virginis
1661 1745 1899 1826 partum
1944 1739 2275 1819 millesime,
2306 1743 2737 1821 tercentesimo,

349 1825 798 1912 quadragesimo
857 1826 1154 1893 seeundo:
1216 1833 1279 1891 et
1334 1825 1428 1892 bis
1499 1826 1833 1906 millesime,
1881 1827 2383 1913 nongentessimo,
2444 1829 2737 1916 quinqua-

456 1913 572 1978 'mo
618 1936 797 1993 nono,
851 1922 990 1980 ante
1037 1913 1201 1979 huno
1257 1935 1481 1980 annum
1531 1913 1754 1979 Christi
1803 1913 2204 1993 millesimum,
2245 1915 2736 1981 sexcentesimum

386 1999 640 2066 ocimum
689 2007 986 2082 octavum,
1039 2023 1158 2086 quo
1205 2001 1342 2068 haeo
1387 1999 1600 2066 scribo.
1689 1999 1806 2065 Per
1834 2000 1973 2066 haee
2002 2021 2296 2066 annorum
2324 2001 2547 2067 saecula
2588 2026 2737 2088 gens

342 2082 698 2152 Ibernorum
759 2087 962 2154 floruit
1045 2087 1308 2153 Iberniae
1358 2093 1590 2174 seeptro
1635 2088 1845 2175 potita,
1894 2109 2020 2152 non
2063 2089 2260 2189 parvis
2315 2087 2737 2155 rebellionibus

339 2193 566 2251 eorum,
597 2175 702 2259 qui
730 2175 844 2240 orti
868 2181 1011 2240 sunt
1037 2197 1112 2240 ex
1140 2175 1388 2240 subacta
1407 2182 1605 2262 gente,
1636 2181 1698 2239 et
1717 2174 2203 2240 eontentiombus
2228 2181 2560 2242 exterarum
2589 2199 2733 2262 gen·

337 2259 511 2339 tium,
542 2262 796 2327 maxime
824 2262 1153 2329 Danorum.
1243 2263 1443 2328 Scotia
1471 2282 1710 2349 quoque
1736 2269 2044 2348 occupata,
2074 2268 2135 2327 et
2162 2263 2384 2363 Anglia
2412 2285 2534 2328 non
2554 2265 2733 2329 semel

339 2345 589 2427 devicta,
620 2355 692 2413 ut
742 2349 952 2414 Gildas
999 2351 1253 2436 sapiens,
1297 2347 1668 2415 Venerabilis
1717 2349 1903 2428 Beda,
1948 2347 2325 2416 Cambrensis
2374 2354 2436 2414 et
2463 2349 2562 2415 alii
2592 2357 2735 2418 sunt

333 2434 635 2500 authores.
739 2435 920 2501 Unde
967 2437 1323 2502 vetustiores
1377 2436 1688 2502 nobilitate
1747 2436 1911 2501 Sooti
1966 2456 2162 2522 usque
2218 2436 2283 2500 in
2341 2435 2504 2502 hune
2576 2436 2735 2504 diem

335 2519 612 2586 Iberniee
639 2521 824 2607 vulgo
851 2523 1201 2608 loquuntur.
1299 2523 1381 2588 Ut
1407 2546 1548 2588 vero
1577 2523 1719 2588 alias
1745 2523 2017 2608 regiones
2046 2523 2123 2587 ad
2148 2523 2494 2587 institutum
2532 2525 2733 2589 minus

333 2613 673 2692 spectantes
731 2610 1092 2688 omittamuS,
1150 2610 1216 2674 in
1257 2609 1508 2675 Ibernia
1553 2611 1680 2674 sole.
1721 2609 2123 2675 cambrensis·
2144 2616 2431 2674 memorat
2469 2616 2729 2690 eentum,

333 2694 644 2780 octoginta
687 2716 893 2760 eorum
943 2695 1158 2780 Reges,
1206 2695 1282 2760 ab
1329 2696 1737 2782 Hispanorum
1787 2696 2069 2780 progenie
2114 2695 2399 2762 oriundos
2442 2697 2727 2777 floruisse,

331 2780 554 2846 insulae
581 2781 789 2860 totius,
837 2788 910 2846 ut
957 2789 1310 2868 nuncupant
1353 2782 1720 2860 monarchas,
1772 2804 1913 2845 nam
1960 2781 2035 2846 de
2076 2781 2443 2866 singularum
2471 2785 2729 2868 partium

331 2867 557 2956 regulis
587 2869 694 2955 qui
714 2868 958 2956 plurimi
987 2869 1250 2948 suerunt,
1283 2875 1343 2934 et
1371 2867 1614 2955 regibus
1643 2866 2130 2955 optemperabant
2152 2891 2274 2933 non
2303 2869 2588 2956 loquitur.

1360 3427 1538 3492 CAP.
1585 3427 1674 3492 Π.

1062 3625 1385 3679 Ibernorum
1411 3625 1628 3679 familiae
1653 3633 1708 3679 et
1729 3628 1965 3680 nomina.

323 3813 568 3882 Inuus
594 3809 786 3895 prime
813 3811 876 3871 et
903 3802 1314 3890 antiquissima
1415 3803 1574 3867 neris
1602 3800 1866 3867 Iberniei
1893 3802 2173 3869 nobilitas
2204 3823 2277 3867 ex
2306 3805 2563 3887 quatuor
2590 3800 2708 3866 illis

359 3896 708 3985 rineipibuS,
754 3894 978 3960 Iberno
1024 3888 1314 3967 Candide,
1400 3889 1645 3966 rimone,
1691 3887 1873 3954 Ibero
1931 3888 2126 3954 Fusco
2172 3895 2235 3954 et
2275 3888 2479 3954 Lutho
2515 3911 2707 3975 genus

359 3987 507 4052 ucit.
597 3982 759 4055 Quae
801 3999 1084 4067 processu
1127 3974 1411 4062 temporis
1458 3973 1738 4040 distincta
1787 3976 1977 4040 varias
2006 3977 2069 4042 in
2098 3975 2351 4042 familias
2382 3973 2585 4055 abivit,
2630 3975 2704 4040 ab

315 4075 517 4159 aliquo
545 4092 685 4157 rege
714 4068 808 4134 vel
835 4065 1060 4150 insigni
1085 4062 1214 4128 viro
1243 4084 1319 4126 ex
1367 4059 1690 4147 majoribus
1719 4063 2065 4148 appellatas,
2097 4062 2599 4150 quemadmodum
2644 4068 2706 4126 et

313 4161 564 4227 aliarum
585 4176 825 4243 quoque
854 4151 1125 4239 gentium
1169 4171 1302 4214 mos
1349 4147 1485 4236 fuit.
1572 4147 1957 4214 Familiarum
1984 4173 2190 4216 verum
2234 4151 2479 4216 nomina
2507 4149 2703 4234 auspi-

311 4254 546 4323 cantur,
575 4243 670 4309 vel
699 4265 736 4308 a
761 4241 974 4332 quarte.
988 4235 1178 4302 vocali
1205 4241 1249 4271 “
1269 4234 1366 4300 O”
1397 4241 1467 4299 ut
1484 4233 1798 4316 O'Nellus,
1822 4237 2231 4315 O'Donnelus,
2250 4236 2703 4314 O'SullevanuS,

311 4333 388 4400 0’
392 4333 620 4409 Morta,
648 4329 743 4395 vel
771 4351 807 4394 a
835 4326 1058 4414 syUaba
1107 4329 1151 4359 “
1167 4322 1309 4389 Mae
1323 4320 1364 4351 ”
1395 4321 1582 4388 veluti
1609 4321 1752 4390 Mae
1779 4323 2021 4403 Cartha,
2051 4323 2194 4390 Mae
2223 4323 2529 4402 Suinnius,
2560 4321 2701 4390 Meo

311 4421 521 4488 Guier.
571 4416 760 4502 cujus
787 4437 858 4482 ea
883 4421 977 4480 est
1003 4411 1174 4490 ratio,
1195 4408 1360 4496 quod
1385 4407 1621 4474 Ibernis
1649 4411 1869 4476 vocalis
1899 4408 1956 4476 O
1986 4417 2265 4497 nepotem
2291 4409 2387 4476 vel
2405 4430 2597 4474 unum
2627 4431 2701 4474 ex

307 4506 674 4595 posteritate,
702 4507 764 4570 et
807 4499 1032 4588 syllaba
1075 4498 1218 4564 Mac
1263 4493 1534 4562 similiter
1579 4495 1788 4575 filium,
1836 4503 1941 4562 aut
1990 4519 2181 4562 unum
2229 4519 2305 4562 ex
2330 4495 2553 4562 familia
2581 4495 2700 4582 sig-

307 4596 528 4662 nificet.
569 4591 788 4675 Itaque
815 4588 867 4654 si
891 4585 1154 4654 nominis
1180 4583 1350 4671 origo
1377 4587 1440 4648 et
1465 4582 1825 4670 etymologia
1850 4582 2221 4663 discutiatur,
2265 4581 2699 4649 O’Sullevanus

307 4681 466 4748 idem
493 4678 626 4748 vult
655 4697 725 4742 ae
767 4696 954 4761 nepos
983 4671 1289 4740 Snllevani
1317 4670 1495 4756 regia,
1525 4669 1620 4735 vel
1669 4669 1745 4736 ab
1776 4692 1847 4734 eo
1878 4670 2184 4751 oriundus,
2216 4676 2276 4736 et
2306 4670 2448 4737 Mae
2475 4669 2697 4736 Oarrha

307 4768 456 4835 nihil
484 4771 596 4845 est,
627 4763 744 4888 njsi
771 4761 928 4828 filius
957 4757 1219 4837 Carrhae,
1251 4758 1346 4824 vel
1363 4756 1602 4843 genitus
1631 4779 1666 4824 a
1693 4755 1935 4823 Carrha.
2024 4757 2184 4826 Nam
2207 4757 2365 4847 apud
2389 4755 2693 4823 Hibernos

657 4875 692 4914 ι)
