3634 5842
894 750 974 813 80
1300 747 1716 812 o’snnnnum
1763 766 2077 813 maroam
2106 764 2495 824 cunonem,
2524 764 2673 811 ron.
2719 764 2792 809 11.
2996 744 3157 829 [m.
3208 766 3285 809 11.

891 933 966 991 ut
993 926 1094 990 vix
1125 925 1334 991 dolum
1363 925 1620 1011 fingere
1649 925 1904 1012 possint.
1991 924 2312 1011 Philippus
2358 946 2477 1011 v.g.
2522 946 2665 991 cum
2704 924 2858 990 nolit
2887 924 3291 1010 jurisjurandi

891 1013 1176 1098 religione
1225 1012 1570 1078 confirmare
1613 1034 1796 1099 penes
1842 1011 2081 1098 Anglioe
2128 1034 2329 1099 regem
2376 1032 2505 1078 esse
2552 1032 2854 1077 summum
2907 1013 2977 1077 in
3030 1011 3291 1077 ecclesia

891 1100 1113 1165 Christi
1153 1099 1470 1185 imperium
1517 1098 1677 1165 intra
1724 1100 1872 1164 fines
1921 1119 2261 1198 regnorum,
2292 1120 2429 1184 quae
2530 1098 2768 1179 ossidet,
2828 1099 3289 1184 interrogantur

894 1185 1206 1252 duodecim
1235 1187 1364 1266 viri,
1410 1193 1615 1251 utrum
1659 1186 1842 1252 edicti
1888 1187 2039 1273 regii
2090 1186 2170 1250 sit
2213 1184 2405 1251 reus?
2483 1120 2717 1272 {loquis
2746 1192 2855 1266 est,
2888 1187 2994 1272 qui
3020 1185 3285 1265 dubitet,

893 1273 1044 1358 quin
1093 1274 1171 1337 sit
1214 1295 1372 1353 reus,
1419 1273 1560 1339 eum
1607 1296 1714 1339 rex
1763 1273 2034 1351 edixerit,
2085 1278 2155 1337 ut
2200 1294 2407 1338 omnes
2448 1278 2813 1339 sacramento
2862 1278 3167 1359 rogentur,
3216 1296 3285 1339 se

892 1360 1217 1425 maximum
1247 1360 1708 1427 ecclesiasticum
1733 1361 1819 1426 im
1896 1361 2053 1425 rium
2093 1358 2380 1440 obtinere,
2410 1366 2473 1425 et
2490 1358 2809 1446 Philippus
2836 1359 2951 1425 hoc
2974 1360 3285 1445 juramen-

891 1453 1024 1511 tum
1053 1454 1331 1534 praestare
1358 1448 1712 1535 negaverit?
1797 1381 2094 1512 &terum
2134 1447 2267 1531 quis
2296 1446 2675 1513 somniaverit
2702 1446 2925 1512 crimen
2952 1447 3284 1512 commisis-

829 1600 838 1607 ,
895 1534 1029 1613 sise,
1061 1534 1221 1620 quod
1250 1535 1330 1601 sit
1355 1541 1480 1601 tam
1522 1535 1733 1601 nefarii
1776 1534 1957 1599 edicti
1984 1532 2173 1599 reus?
2262 1532 2419 1605 Quis
2460 1534 2619 1600 enim
2649 1542 2740 1598 est
2770 1539 2875 1598 aut
2901 1532 3098 1613 laude,
3127 1556 3281 1619 prae-

893 1622 1134 1707 mioque
1163 1620 1419 1709 dignior,
1450 1628 1556 1689 aut
1601 1620 1894 1709 supplicio
1930 1619 2253 1706 indignior,
2306 1642 2485 1706 quam
2532 1621 2605 1700 is,
2651 1620 2755 1706 qui
2780 1626 2906 1685 tam
2948 1626 3282 1699 strenuum,

895 1718 958 1775 at
1000 1732 1076 1775 ue
1105 1716 1476 1776 constantem
1508 1709 1923 1775 Christianum
1952 1730 2017 1773 se
2045 1707 2219 1794 gerit,
2250 1715 2322 1772 ut
2350 1706 2519 1773 nullo
2545 1708 2761 1793 preti0,
2794 1706 2961 1773 nullo
2990 1708 3283 1787 cruciatu,

731 1811 874 1881 [η]
895 1729 1062 1861 milla
1087 1798 1148 1861 vi
1177 1795 1448 1877 ducatur,
1480 1804 1549 1862 ut
1585 1802 1823 1862 tantum
1865 1796 1932 1860 in
1973 1794 2175 1861 Deum
2218 1794 2411 1859 scelus
2452 1793 2774 1860 admittat?
2802 1796 2829 1877 ΙΙ
2925 1792 3093 1865 Quid
3120 1795 3286 1859 enim

902 1885 1030 1971 (per
1057 1882 1259 1948 Deum
1286 1882 1679 1949 immortalem
1707 1884 1882 1969 rogo)
1917 1882 2115 1967 potuit
2159 1877 2492 1960 absurdius,
2533 1887 2595 1945 et
2622 1880 2864 1946 stultius
2892 1887 3091 1946 mente
3118 1882 3285 1967 cogi-

893 1972 1027 2050 tari,
1058 1969 1238 2055 quam
1270 1970 1636 2035 Haereticam
1687 1990 1816 2034 esse
1865 1968 2149 2033 Ecclesiae
2200 1974 2400 2053 caput,
2451 1968 2555 2053 qui
2590 1976 2707 2033 'nec
2736 1968 3018 2033 Ecclesiae
3046 1989 3281 2047 manus,

893 2078 1006 2122 nec
1031 2078 1158 2142 pos,
1188 2077 1300 2121 nec
1327 2057 1490 2121 aliud
1517 2055 1851 2121 membrum
1881 2062 1991 2135 est,
2020 2053 2096 2121 ab
2140 2054 2268 2139 ejus
2298 2056 2544 2141 gremio,
2574 2061 2636 2120 et
2664 2056 2961 2135 societate,
2990 2054 3281 2120 fidelium-

937 2166 1014 2209 ue
1043 2141 1199 2221 albo,
1229 2143 1459 2223 haeresi,
1491 2150 1552 2208 et
1582 2143 1957 2207 anathemate
1984 2141 2300 2206 remotus?
2376 2143 2482 2222 At,
2514 2142 2564 2206 si
2591 2143 2678 2207 ita
2705 2142 3131 2229 responderent
3172 2143 3285 2207 viri

895 2166 1231 2307 duodecim,
1275 2250 1444 2295 reum
1491 2230 1677 2295 fuisse
1721 2229 1982 2294 edictum
2036 2228 2278 2313 quidem
2326 2235 2780 2315 transgressum,
2831 2250 2954 2295 non
2982 2236 3181 2295 tamen
3210 2252 3283 2294 eo

897 2337 1040 2383 casu
1070 2316 1294 2381 crimen
1321 2318 1703 2401 commisisse,
1735 2315 1896 2401 quod
1946 2315 2143 2380 edicto
2172 2336 2299 2379 non
2342 2320 2664 2396 teneretur,
2720 2317 2853 2381 haec
2904 2316 3031 2381 sola
3076 2316 3281 2381 violati

899 2403 1082 2469 edicti
1131 2403 1423 2469 confessio
1475 2404 1788 2480 sufficeret,
1840 2408 1917 2466 ut
1960 2402 2275 2467 haereficus
2322 2403 2508 2489 judex
2556 2402 2805 2469 libidine
2848 2404 2959 2468 sua
2998 2404 3065 2468 in
3113 2424 3281 2468 reum

898 2490 1301 2557 baccharetur.
1393 2490 1592 2563 Quam
1619 2490 1997 2575 iniquitatem
2026 2488 2341 2555 duodecim
2368 2490 2482 2554 viri
2510 2489 2805 2556 declinare
2832 2491 3138 2577 cupientes
3156 2512 3280 2555 non

899 2578 975 2644 ad
1005 2578 1354 2663 interrogati
1400 2579 1653 2644 formam
1701 2576 1861 2643 soliti
1912 2584 2055 2642 sunt
2084 2574 2345 2663 praebere
2386 2598 2755 2663 responsum,
2788 2577 2894 2642 sed
2922 2585 3027 2642 aut
3055 2576 3277 2663 amphi-

899 2665 1210 2752 bologicis,
1257 2672 1320 2731 et
1370 2666 1588 2748 dubiis,
1635 2674 1742 2731 aut
1791 2662 2165 2751 generalibus
2214 2662 2408 2729 verbis
2454 2686 2622 2729 reum
2670 2666 2980 2753 proferunt
3022 2686 3148 2729 esse
3174 2686 3281 2729 nec

899 2776 1074 2840 poena
1103 2753 1374 2839 dignum,
1403 2774 1517 2820 nec
1543 2752 1806 2819 criminis
1836 2752 2159 2830 conscium,
2192 2752 2459 2837 quamvis
2502 2752 2695 2817 sciant
2720 2774 2849 2817 ωδε
2878 2774 2940 2816 se
2967 2751 3063 2816 vel
3091 2751 3165 2817 ad
3192 2752 3280 2815 in-

899 2842 1046 2906 citas
1075 2840 1328 2906 mulctas
1355 2841 1728 2928 redigendos,
1774 2839 1870 2904 vel
1896 2840 1962 2903 in
1990 2839 2234 2904 exilium
2262 2837 2606 2919 mittendos,
2644 2861 2757 2903 nec
2798 2843 2997 2904 tamen
3026 2838 3281 2904 Catholi-

901 2948 1038 2993 cum
1068 2928 1106 2992 a
1133 2950 1196 2993 se
1226 2927 1568 2993 absolutum
1621 2928 1901 3012 deinceps
1947 2926 2013 2991 in
2062 2948 2250 3012 regno
2300 2946 2408 3011 per
2463 2926 2772 2992 hoereticos
2820 2926 2958 2991 tuto
3002 2932 3065 2991 et
3104 2925 3281 2991 libere

897 3016 1188 3079 futurum.

986 3100 1214 3164 Verum
1241 3122 1320 3165 ne
1347 3098 1472 3164 ullo
1501 3097 1680 3164 modo
1709 3098 1993 3164 liberetur
2016 3120 2173 3177 reus,
2196 3098 2321 3183 jam
2350 3122 2420 3164 ea
2458 3099 2860 3184 incorruptela
2900 3099 3123 3166 invalet
3150 3122 3284 3165 con-

900 3192 993 3251 tra
1018 3186 1286 3271 ipsorum
1313 3187 1492 3250 etiam
1521 3185 1860 3269 Anglorum
1888 3185 2069 3269 leges,
2100 3192 2161 3250 et
2204 3184 2383 3270 hujus
2432 3193 2600 3251 actus
2644 3192 2937 3267 naturam,
2968 3194 3039 3252 ut
3068 3186 3285 3251 duode-

901 3273 1019 3337 cim
1047 3272 1160 3337 viri
1191 3272 1488 3357 eligantur
1515 3270 1720 3356 Angli,
1753 3272 1878 3335 sive
1908 3271 2073 3336 scoti
2102 3271 2465 3357 alienigenis,
2510 3273 2631 3338 sive
2660 3294 2886 3355 omnes,
2916 3274 3041 3339 sive
3069 3274 3286 3359 plures,

903 3379 1085 3445 quam
1119 3356 1345 3436 Iberni,
1393 3353 1499 3424 aut
1548 3356 1706 3423 certe
1747 3362 1860 3437 tot,
1912 3364 1975 3422 at
2018 3380 2095 3421 ue
2132 3357 2241 3436 illi,
2289 3360 2558 3445 quamvis
2594 3361 2718 3426 sint
2746 3360 3085 3426 conditione
3112 3358 3289 3447 longe

900 3446 1206 3512 inferiores
1233 3468 1355 3525 reo,
1386 3444 1808 3523 obscurissimi,
1854 3449 1915 3509 et
1958 3466 1992 3509 a
2028 3444 2357 3530 jectissimi,
2401 3446 2703 3511 interdum
2748 3447 2842 3513 vel
2869 3454 3035 3511 metu
3076 3449 3285 3525 territi,

900 3533 996 3599 vel
1021 3534 1278 3621 pecunia
1303 3534 1605 3619 corrupti:
1649 3554 1762 3597 nec
1805 3530 2149 3617 municipali
2185 3532 2319 3618 jure
2358 3533 2481 3599 frui
2524 3532 2811 3599 debeant:
2855 3554 3050 3621 neque
3078 3534 3291 3621 viginti

900 3620 1082 3686 libras
1111 3622 1340 3707 argenti
1367 3620 1628 3686 habeant
1652 3618 1991 3705 vectigalem

989 3706 1172 3779 Quod
1201 3708 1253 3773 si
1279 3728 1416 3773 reus
1444 3713 1657 3773 renuat
1684 3706 1798 3772 hoc
1822 3706 2117 3792 judicium
2144 3704 2364 3785 subire,
2410 3713 2471 3771 et
2507 3706 2699 3793 culpae
2726 3715 2837 3788 sat,
2868 3714 2929 3774 et
2959 3730 3137 3793 super
3166 3730 3291 3772 esse

901 3796 1486 3970 ι
1513 3794 2820 3966 mmmmm
2847 3881 3291 3968 m

1469 3931 1483 3947 ·
1983 3930 2002 3960 2
2795 3932 2816 3961 ν

903 3970 1096 4033 virum
1159 3968 1368 4033 'udicis
1425 3968 1800 4048 damnantur,
1862 3967 2241 4045 addicuntur,
2296 3968 2715 4053 quamplurimi
2772 3991 2979 4034 eorum
3028 3968 3295 4055 aequitati

905 4054 1081 4121 diffisi
1110 3990 1342 4140 eligunt
1367 4056 1784 4120 incunctanter
1832 4056 1980 4141 regii
2022 4054 2243 4140 judicis
2289 4056 2596 4119 sententiae
2638 4055 2966 4141 periculum
2994 4060 3207 4141 facere,
3238 4062 3299 4120 et

903 4144 1034 4228 ejus
1055 4141 1284 4228 judicio
1312 4164 1342 4205 s
1387 4143 1592 4206 iritum
1621 4141 1939 4220 effundere,
1970 4139 2131 4207 bona
2173 4142 2298 4205 suis
2327 4141 2748 4228 relinquentes,
2782 4144 2961 4230 quam
2991 4169 3073 4228 se,
3104 4150 3292 4213 fortu-

903 4250 1131 4315 nasque
1181 4164 1382 4294 simulp
1414 4228 1924 4314 iniquissimorum
1979 4227 2293 4293 hominum
2339 4227 2614 4294 arbritrio
2672 4230 2989 4317 periclitari
3020 4261 3035 4299 ε
3112 4242 3173 4299 et
3230 4233 3293 4300 id

905 4314 1803 4489 :simenem
1834 4313 2726 4469 „Efflassssssafffiffft‘im’fflssl'n
2747 4320 3295 4491 ffi‘isstif'fficffiffi

905 4490 1022 4555 hoc
1050 4452 1408 4568 exerce’atur,
1441 4512 1563 4555 non
1594 4490 1859 4591 disputo·
1945 4490 2033 4554 At
2059 4489 2126 4554 in
2154 4487 2397 4554 Iber-nia
2422 4489 2491 4554 in
2520 4489 2859 4557 Catholicos
2886 4494 2973 4559 ita
2998 4431 3292 4581 lisurpari,

951 4598 1150 4642 ossum
1178 4579 1477 4642 tutissima
1505 4577 1870 4642 conscientia
1897 4576 2261 4641 confirmare.
2348 4574 2445 4640 De
2472 4598 2543 4641 eo
2572 4600 2683 4644 nos
2710 4578 2838 4644 haec
2866 4580 3059 4645 fusius
3090 4584 3297 4647 nostra

907 4598 1194 4727 brevitate
1224 4663 1501 4743 diximus,
1531 4672 1601 4729 ut
1629 4663 1792 4749 qubd
1820 4664 1887 4729 in
1916 4662 2191 4729 omnibus
2221 4661 2599 4741 sessionibus,
2632 4671 2693 4729 et
2734 4672 2940 4732 contra
2982 4668 3297 4755 plerosque

907 4746 1246 4813 catholicos
1285 4772 1436 4830 reos,
1488 4751 1944 4817 usitatissimum
1987 4757 2097 4829 est,
2144 4750 2433 4834 cujusque
2476 4750 2631 4835 saepe
2676 4756 3039 4820 mentionem
3082 4756 3296 4836 facere,

907 4855 1148 4901 necesse
1174 4835 1304 4914 erit,
1335 4837 1515 4901 semel
1541 4836 1901 4922 explicatum
1930 4836 2005 4902 ad
2035 4856 2298 4921 unguem
2326 4836 2702 4922 percipiatur.
