3634 5842
861 818 982 881 130
1266 816 1683 881 o'sunmvm
1728 834 2043 880 maroam
2074 834 2462 897 carnencas,
2490 836 2639 881 rou.
2686 836 2760 881 11.
2946 816 3103 900 [ua.
3148 836 3241 880 zv.

851 996 1082 1083 vigilias
1138 1017 1368 1080 semper
1427 994 1658 1080 agebat,
1689 1000 1750 1059 et
1800 995 2035 1079 quoties
2064 994 2291 1081 aliquos
2334 996 2656 1073 venientes,
2686 1002 2791 1061 aut
2820 1000 3242 1081 praetereuntes

853 1082 1164 1163 sentiebat,
1214 1082 1388 1147 illum
1445 1082 1969 1168 expergefaciebat.
2031 1088 2093 1146 et
2120 1082 2371 1167 praeiens
2400 1082 2673 1149 adeunda
2714 1082 2845 1149 loca
2872 1080 3237 1167 explorabat.

853 1170 1008 1235 Oum
1037 1192 1176 1235 vero
1227 1168 1444 1234 Daniel
1483 1169 1955 1234 incolumitatem
2000 1168 2211 1233 fuisset
2254 1176 2579 1249 assecutus,
2621 1169 2896 1235 Thadeus
2942 1168 3241 1255 sylvestris

854 1257 1034 1321 homo
1063 1257 1130 1321 in
1151 1278 1289 1321 eum
1332 1255 1485 1321 male
1515 1256 1830 1333 animatus,
1862 1277 2066 1321 canem
2097 1255 2246 1321 nihil
2274 1255 2416 1321 mali
2434 1257 2747 1322 facientem
2768 1257 2923 1321 ferro
2952 1255 3239 1333 confodit,

853 1344 1026 1429 cujus
1053 1342 1402 1430 nequissimi
1458 1342 1600 1407 facti
1619 1344 1832 1428 dignas
1858 1364 2063 1429 poenas
2092 1343 2212 1408 cito
2260 1344 2547 1429 pependit
2588 1366 2623 1408 a
2652 1342 2903 1407 Daniele
2932 1364 3004 1407 ex
3033 1341 3241 1407 arbore

855 1452 1197 1515 suspensus.
1285 1428 1365 1495 Id
1421 1430 1619 1508 etiam,
1671 1428 1837 1515 quod
1884 1429 2063 1493 modo
2120 1428 2413 1494 relaturus
2442 1452 2594 1509 sum,
2668 1431 2958 1506 osteritaS,
2989 1448 3123 1513 quae
3166 1428 3241 1493 de

853 1516 1032 1582 rebus
1060 1518 1241 1603 hujus
1271 1517 1381 1582 aevi
1425 1517 1622 1581 animo
1641 1516 1850 1595 libero,
1882 1523 1943 1579 et
1972 1540 2007 1581 a
2036 1516 2579 1602 perturbationibus
2665 1518 2799 1581 ieno
2815 1514 3127 1602 judicabit,
3172 1516 3238 1579 in

855 1604 1242 1683 crudelitatis,
1301 1610 1362 1668 et
1419 1606 1598 1669 etiam
1653 1602 2103 1689 ingratitudinis
2123 1602 2390 1688 exempla
2416 1603 2615 1669 forsan
2644 1604 2874 1669 referet.
2962 1602 3241 1666 Donatus

857 1690 1000 1756 Mac
1026 1691 1255 1756 Crahus
1284 1696 1700 1777 cognomentO,
1743 1690 1997 1769 Niveus,
2016 1690 2273 1755 Ibernus
2302 1691 2393 1755 vir
2414 1691 2571 1777 apud
2592 1690 2907 1776 populares
2936 1710 3077 1753 suos
3113 1689 3239 1753 fru-

649 1784 831 1857 [105.]
855 1778 1114 1863 galitate‚
1128 1780 1155 1861 ΙΙ
1191 1784 1252 1841 et
1277 1776 1629 1843 liberalitate
1658 1776 2003 1841 notissimus
2050 1776 2489 1842 Momoniarum
2520 1778 2797 1864 praefecto
2827 1775 3030 1861 Anglo
3059 1796 3241 1861 quem

851 1865 1120 1951 hospicio
1150 1870 1471 1951 acceperat,
1523 1887 1648 1929 non
1695 1864 1875 1929 inodo
1911 1864 2161 1942 laum,
2212 1865 2871 1949 splendidissimumque
2900 1862 3241 1927 convivium

848 1952 1154 2030 instruxit,
1185 1952 1289 2016 sed
1307 1952 1484 2017 etiam
1504 1950 1859 2016 domesticos
1890 1974 2030 2015 suos
2050 1952 2311 2017 choraeas
2341 1958 2521 2038 atque
2548 1951 2723 2015 ludos
2739 1949 3014 2015 exhibere
3020 1949 3232 2035 jussit.

849 2038 1068 2104 Paucis
1085 2125 1098 2138 ·
1125 2038 1268 2102 inde
1328 2038 1538 2137 diebus
1581 2036 1899 2124 praefcctus
1929 2038 2231 2137 hospitem
2256 2038 2613 2104 Corchacam
2645 2037 2997 2135 accersi-tum
3020 2036 3236 2135 ultimo

845 2125 2304 2297 ἓξέξιῗῖἕωῶἓῗθῗᾱὲωὲῗιέῗωᾝᾚῗιέξῗ
2328 2122 3237 2298 ἕζοιῗέἀῖἒεῗᾚῗὴᾱὲἰζῗζίἰῗ

845 2320 968 2363 non
986 2298 1102 2363 nisi
1131 2298 1326 2376 fumis,
1345 2296 1588 2384 rapiniS,
1613 2304 1674 2361 et
1691 2296 1823 2362 aliis
1844 2296 2073 2363 artibus
2092 2297 2293 2364 vetitis
2316 2300 2507 2385 (quod
2528 2298 2695 2365 nullo
2717 2298 2897 2363 modo
2916 2295 3236 2383 probatum

845 2386 958 2469 est)
995 2384 1068 2449 ab
1099 2408 1168 2449 eo
1199 2384 1278 2449 ali
1305 2384 1544 2449 necesse
1563 2384 1812 2449 fuisse*

1798 2773 1978 2839 CAP.
2026 2774 2284 2839 XXIII.

1269 2940 1440 3013 Angli
1469 2942 1768 2999 discordias
1793 2944 2121 3001 Ibernorum
2138 2948 2463 3019 optimatum
2488 2948 2809 3002 accendunt.

843 3092 944 3157 EA
989 3094 1128 3159 verb
1183 3118 1306 3196 non
1366 3100 1610 3167 minima
1661 3124 1797 3187 pars
1849 3104 2217 3185 calamitatis,
2250 3110 2369 3191 qua
2398 3108 2610 3173 misera
2636 3105 2835 3172 insula
2876 3105 3091 3172 afflicta
3118 3111 3231 3183 est,

842 3184 1002 3277 erat,
1051 3182 1212 3265 quod
1261 3185 1378 3269 lpsi
1407 3188 1693 3271 primores
1723 3190 1947 3271 Iberni,
1978 3192 2073 3257 ah’i
2120 3192 2266 3257 alios
2282 3193 2734 3280 impugnabant,
2766 3213 3087 3278 eorumque
3109 3192 3228 3257 dis-

840 3265 1072 3329 cordlas
1103 3270 1291 3354 Angli
1331 3293 1514 3368 penes
1544 3294 1696 3361 quos
1713 3284 1841 3341 erat
1882 3277 2478 3345 administrandarum
2509 3304 2705 3346 rerum
2738 3278 3228 3366 gubernaculum,

837 3373 966 3449 non·
989 3354 1169 3452 modo
1197 3379 1321 3421 non
1341 3358 1712 3440 mhibebant,
1743 3364 1847 3427 sed
1876 3365 2076 3449 potius
2105 3366 2405 3451 augebant
2432 3375 2493 3433 et
2522 3367 2940 3446 accendebant,
2972 3372 3042 3431 ut
3070 3388 3229 3451 saepe

832 3459 957 3523 Jam
977 3440 1256 3540 Vldlmus,
1309 3450 1371 3509 et
1399 3468 1561 3513 nunc
1613 3468 1851 3535 quoque
1882 3450 2178 3517 constabit
2202 3452 2501 3539 aliquibus
2530 3455 2813 3541 exemplis
2844 3474 2978 3540 quae
2998 3464 3229 3538 tempo-

835 3546 972 3589 rum
1001 3528 1208 3594 ordine
1237 3530 1336 3595 hic
1353 3533 1556 3598 referri
1586 3534 1826 3601 debent.

923 3612 1092 3714 Inter
1147 3616 1492 3685 Terentium
1551 3621 1879 3689 O’Nellum
1908 3626 2237 3712 principem
2264 3628 2518 3708 Tironae,
2550 3636 2611 3694 et
2642 3628 2750 3693 Hu
2793 3649 2966 3693 onem
2998 3624 3228 3691 O'Nel-

833 3697 960 3764 lum
991 3721 1096 3801 qJn
1127 3711 1335 3802 postea
1381 3729 1634 3793 magnus
1693 3714 2150 3797 cognominatus
2179 3721 2287 3793 est,
2317 3715 2745 3801 Dunganninae
2817 3736 3055 3779 aronem
3086 3712 3227 3777 Far-

834 3785 1042 3853 dorch1
1099 3789 1307 3889 fihum,
1367 3816 1586 3880 magna
1613 3804 1738 3863 erat
1767 3801 2164 3865 controversia
2207 3802 2282 3865 de
2309 3802 2543 3868 Tironoe
2572 3803 2929 3889 principatu,
2962 3800 3067 3886 qui
3094 3806 3225 3863 tan-

833 3877 966 3972 tum
1025 3874 1217 3942 abfuit
1261 3884 1327 3943 ut
1373 3904 1408 3944 a
1457 3884 1665 3969 regina
1713 3884 1870 3950 bello
1914 3886 2384 3973 prohiberentur,
2412 3897 2487 3953 ut
2513 3890 2714 3976 potius
2741 3890 2981 3974 utrique
3010 3885 3233 3972 reginae

833 3980 1021 4045 copiae
1050 3962 1124 4027 ad
1182 3967 1509 4049 gerendum
1567 3969 1790 4035 bellum
1820 3973 2043 4038 fuerint
2071 3974 2550 4041 subministratae.
2637 3976 2737 4040 Ad
2765 3976 2961 4040 locum
2993 3974 3088 4038 cui
3117 3996 3226 4038 no-

831 4066 971 4111 men
1001 4056 1111 4128 est,
1138 4048 1341 4135 Rupes
1371 4075 1516 4120 cana
1547 4056 2051 4145 (Carraigliath)†
2070 4060 2215 4127 baro
2233 4086 2369 4128 cum
2389 4063 2623 4128 duobus
2640 4062 2904 4127 millibus
2926 4060 3228 4138 millitum,

900 4253 924 4281 ‘
965 4250 1238 4309 Hibernia
1261 4256 1487 4326 Pacata,
1515 4260 1623 4314 vol.
1652 4262 1708 4314 ii.
1739 4280 1827 4333 pp.
1856 4266 1981 4328 257,
2007 4268 2132 4323 259.

902 4324 932 4391 †
969 4324 1124 4379 A.D.
1177 4330 1330 4411 1:588.
1357 4329 1512 4383 Four
1539 4330 1796 4395 Mater-s,
1822 4352 1875 4405 p.
1911 4340 2062 4392 1886.
2134 4340 2523 4413 Carraiglieth,
2548 4360 2582 4395 a
2614 4340 2743 4395 mile
2780 4340 2949 4395 above
2975 4338 3067 4393 the
3093 4354 3221 4391 con-

832 4392 1042 4449 fluence
1068 4396 1134 4449 of
1151 4396 1298 4452 Finn
1323 4401 1432 4454 and
1461 4402 1713 4466 M'ourne,
1739 4414 1941 4479 county
1968 4408 2202 4481 Tyrone.
2278 4412 2336 4465 It
2370 4413 2418 4465 is
2454 4414 2652 4474 stated,
2677 4413 2733 4465 in
2772 4412 2867 4466 the
2910 4420 2948 4446 “
2970 4410 3220 4463 Govern-

833 4472 984 4518 ment
1009 4466 1074 4520 of
1096 4468 1320 4523 Ireland
1343 4471 1414 4543 by
1441 4472 1731 4537 Perrott‚'’
1744 4494 1799 4547 p.
1836 4480 1955 4541 112,
1980 4480 2103 4535 that
2118 4482 2191 4535 all
2218 4482 2311 4539 the
2328 4484 2561 4555 English
2586 4483 2817 4537 soldiers
2840 4483 2950 4537 had
2974 4482 3108 4535 been
3132 4498 3221 4533 re-

835 4534 1012 4589 called
1035 4537 1180 4592 from
1206 4541 1416 4610 Ulster,
1441 4554 1635 4617 except
1659 4546 1814 4601 those
1838 4548 1971 4620 kept
2007 4551 2077 4623 by
2117 4552 2335 4609 Turlou
2374 4556 2409 4607 h
2454 4554 2736 4638 Leynagh‚
2770 4561 2829 4608 at
2864 4554 2951 4607 his
2986 4570 3105 4605 own
3130 4568 3222 4604 re·

836 4613 1012 4675 quest.
1090 4608 1210 4665 The
1235 4613 1368 4681 ear-l,
1389 4632 1461 4669 no
1486 4616 1677 4680 doubt,
1720 4618 1829 4673 had
1854 4638 2002 4675 some
2045 4622 2111 4675 of
2143 4624 2301 4679 those
2377 4625 2491 4679 rish
2527 4625 2776 4688 soldiers,
2816 4626 3012 4690 whom,
3036 4622 3071 4677 b
3130 4622 3223 4677 his

833 4676 1089 4746 previous
1113 4685 1489 4754 composition,
1513 4687 1581 4743 he
1606 4688 1715 4742 had
1737 4690 1923 4744 bound
1938 4689 2162 4747 himself
2171 4702 2230 4749 to
2256 4703 2503 4766 support,
2526 4714 2581 4767 p.
2608 4700 2698 4762 30,
2723 4696 2857 4750 ibid.
2933 4694 3019 4749 To
3044 4702 3071 4747 t
3108 4710 3223 4757 ese,

833 4746 1118 4820 probably,
1141 4769 1244 4806 our
1269 4756 1470 4810 author
1487 4758 1680 4813 refers.
1757 4760 1863 4815 See
1888 4764 2022 4826 also,
2046 4783 2101 4835 p.
2130 4770 2216 4833 32,
2240 4766 2331 4819 for
2354 4767 2448 4820 the
2472 4766 2649 4851 polioy
2673 4768 2806 4821 here
2830 4764 3134 4821 attributed
3158 4772 3221 4819 to

834 4816 930 4870 the
955 4818 1230 4907 English..
1285 4824 1352 4877 In
1385 4829 1517 4882 1593
1541 4830 1635 4883 the
1660 4830 1803 4885 Earl
1824 4833 1934 4886 had
1957 4836 2041 4889 six
2064 4837 2369 4907 companies
2395 4838 2461 4891 of
2496 4838 2743 4903 soldiers,
2770 4847 2827 4892 at
2850 4838 2943 4891 the
2982 4836 3223 4899 Queen’s

830 4904 956 4959 pay,
980 4890 1156 4944 under
1177 4892 1262 4946 his
1284 4900 1584 4954 command.
1656 4904 1781 4969 0οτ,
1819 4920 1872 4973 p.
1894 4907 2017 4959 403.
