3634 5842
834 728 972 791 118-
1262 726 1679 792 o’sunnnvm1
1709 746 2029 794 maroam
2058 744 2445 802 cunonem,
2486 742 2615 787 ’rou
2658 742 2735 786 11.
2917 718 3073 804 [us.
3118 738 3207 783 ιν.

832 899 1202 986 fugientibus
1241 899 1465 965 auxilio
1492 900 1739 965 venerit.
1831 900 2032 967 Occisi
2082 906 2229 965 sunt
2266 921 2339 965 eo
2369 898 2465 964 die
2492 918 2567 962 ex
2608 893 2934 961 Catholicis
2960 892 3220 958 Thomas

833 986 1180 1053 Giraldinus
1211 986 1252 1051 J
1255 988 1506 1052 ohannis
1556 986 1716 1053 filius
1765 988 2001 1055 comitis
2039 987 2343 1075 patruelia,
2388 990 2449 1051 et
2476 984 2735 1049 Thomas
2764 982 3011 1049 Brunus
3040 1002 3221 1066 eques

835 1096 974 1139 cum
1043 1072 1302 1139 editibus
1329 1074 1546 1159 viginti
1571 1073 1766 1139 tribus

920 1159 963 1224 J
963 1182 1000 1225 o
1045 1182 1260 1225 aunem
1289 1182 1363 1225 ex
1391 1160 1716 1247 Glengasia
1741 1162 1809 1226 in
1836 1158 2147 1225 Atharlem
2175 1158 2508 1244 profectum
2538 1157 2765 1243 equites
2798 1155 2949 1241 regii
2976 1176 3049 1220 ex
3065 1158 3220 1225 Kill-

834 1246 1214 1333 muchalloga
1241 1269 1318 1332 op
1358 1246 1462 1312 ido
1489 1254 1843 1333 sequuntur,
1868 1246 2225 1332 quibuscum
2252 1246 2355 1311 ille
2388 1266 2667 1331 prospere
2697 1241 3063 1311 dimicavit*

921 1334 1021 1399 Ad
1065 1336 1306 1419 Agrum
1318 1271 1514 1399 lentis
1569 1333 1785 1419 (Goart
1834 1356 1914 1399 na
1940 1332 2085 1421 pisi)
2117 1332 2400 1399 Giraldus
2428 1352 2625 1397 comes
2668 1352 2807 1396 cum
2835 1350 2997 1395 arma
3024 1330 3219 1415 caepit,

835 1420 1037 1486 decem
1057 1421 1356 1506 regiorum
1377 1420 1650 1487 cohortes
1669 1420 1955 1495 delevitd·

919 1507 1100 1573 Brevi
1128 1516 1284 1593 post,
1313 1507 1728 1573 Buttlerorum
1773 1508 1923 1574 fines
1976 1506 2229 1587 invadit,
2258 1510 2319 1571 et
2349 1504 2738 1591 depraedatur.
2828 1504 3013 1569 Hlum
3039 1503 3219 1568 Butt-

835 1594 944 1660 leri
993 1595 1183 1661 secuti
1211 1594 1290 1659 ad
1323 1604 1587 1661 montem
1619 1596 2022 1661 Graffunuum
2061 1592 2267 1672 (Gnoic
2298 1591 2583 1680 Grafuin)
2624 1592 3053 1658 nanciscuntur
3082 1612 3219 1656 cum

833 1702 1152 1747 numeroso
1173 1718 1180 1727 ·
1202 1682 1484 1761 exercitu,
1517 1702 1694 1766 quam
1724 1680 2138 1748 Buttlerorum
2166 1680 2462 1766 principes
2493 1678 2791 1744 ducebant
2809 1677 3139 1743 Edwardus
3162 1682 3226 1743 et

835 1768 1052 1833 Petrus
1080 1767 1365 1834 Butlerus
1393 1769 1628 1835 comitis
1673 1768 1953 1835 Urmonii
1994 1768 2225 1847 fratres,
2278 1767 2421 1831 Mac
2448 1766 2637 1831 Pieris
2665 1764 3037 1831 Dunbuunae
3056 1763 3220 1844 bare,

835 1854 1146 1921 Purcellus
1201 1853 1532 1941 Loghmoae
1581 1854 1746 1936 baro,
1799 1856 1907 1942 qui
1962 1878 1999 1921 a
2027 1854 2275 1920 Giraldo
2303 1854 2509 1940 praelio
2530 1859 2904 1939 superantur,
2934 1852 3225 1916 exercitus

835 1942 1152 2009 Buttlerici
1170 1941 1314 2007 flore
1483 1948 1711 2029 mpto.‡

921 2027 1139 2095 Daniel
1195 2028 1322 2093 O’s
1409 2051 1632 2095 evanus
1689 2028 2052 2108 adolescens,
2100 2027 2209 2115 qui
2238 2033 2446 2113 postea
2472 2025 2707 2093 Bearroe
2734 2026 3011 2113 princeps
3032 2026 3225 2091 factus

835 2136 946 2199 pro
977 2114 1388 2200 Hispanorum
1443 2116 1636 2181 salute
1657 2136 1796 2181 cum
1844 2116 2056 2201 Anglis
2084 2114 2309 2181 bellum
2338 2114 2540 2199 gessit,
2566 2112 2641 2178 ad
2668 2112 2965 2179 Beantriae
2992 2134 3226 2177 monas-

838 2202 1056 2267 terium
1084 2200 1422 2287 Anglorum
1472 2202 1779 2269 cohortem
1828 2201 2129 2289 lapidibus
2186 2200 2465 2266 obrutam
2494 2200 2710 2265 delevit
2757 2206 2819 2265 et
2846 2198 3225 2287 Dermysium

839 2287 1410 2355 O’Donnobhanum
1465 2289 1802 2375 Anglorum
1855 2290 2033 2376 jussu
2086 2290 2368 2353 Bearram
2426 2286 2862 2375 depraedantem
2892 2285 2968 2351 ad
2994 2286 3225 2352 Lutum

835 2374 1042 2451 boum)
1078 2374 1350 2441 Lathaeh
1377 2398 1458 2441 na
1483 2376 1732 2461 ndaibh)
1761 2376 2043 2462 occidit.§

923 2460 1286 2527 Casilianum
1315 2484 1526 2549 agrum
1577 2463 1860 2528 Giraldus
1890 2464 2175 2541 devastat,
2199 2461 2373 2547 cujus
2398 2465 2680 2527 conatum
2699 2482 3073 2548 repressurus
3100 2460 3225 2526 Ro·

837 2546 1044 2614 bertus
1081 2551 1111 2632 ΙΙ
1159 2549 1266 2615 An
1309 2549 1406 2615 lus
1433 2572 1574 2615 cum
1621 2550 1934 2616 Casilianis
1962 2549 2279 2635 oppidanis
2308 2556 2369 2613 et
2425 2548 2802 2634 praesidiariis
2848 2550 3093 2614 veniens
3121 2547 3228 2612 ob-

837 2637 994 2789 iam
1023 2635 1100 2701 ad
1127 2636 1272 2787 oppi
1311 2658 1418 2701 um
1439 2636 1865 2724 Scurlogorum
1897 2636 2085 2719 (Baile
2100 2659 2181 2702 na
2208 2635 2492 2722 scurloig)
2518 2635 2782 2721 fligatur,
2813 2636 3039 2722 aliquot
3064 2634 3229 2701 Gasi-

866 2722 880 2736 ‘
917 2723 1014 2787 nis
1041 2723 1156 2788 civi
1198 2746 1272 2788 us
1293 2746 1362 2789 ca
1403 2724 1502 2789 tis.

924 2808 1245 2875 Ochellum
1279 2746 1624 2897 (Eg-chain)
1694 2810 1984 2898 oppidum
2010 2810 2232 2890 nobile,
2275 2808 2927 2895 locupletissimumque
2949 2808 3233 2875 Gir-aldus

837 2896 898 2961 vi
928 2904 1162 2983 captam
1221 2897 1500 2984 diripitflf
1555 2898 1620 2963 in
1667 2900 1839 2985 cujus
1890 2898 2331 2985 expugnatione
2377 2896 2727 2983 Dermysius
2770 2896 2846 2961 O
2880 2896 3231 2963 Sullevanus

840 2990 1010 3068 pater
1063 3006 1233 3084 meus
1289 2984 1646 3084 Bearrorum
1675 2986 1947 3071 peditum
1976 2985 2099 3050 dux
2128 2986 2376 3071 ingente
2416 2984 2641 3083 virtute
2658 2984 2872 3069 iugens
2898 2984 3231 3071 periculum

847 3077 1165 3221 ffiffvffi
1197 3092 1412 3242 ¹353
1437 3069 3232 3244 fflpiffldfflffiffssffiffffliufssoefifflssffffffii

849 3246 1118 3327 gentum,
1179 3264 1300 3327 quo
1326 3243 1504 3327 plena
1543 3249 1689 3324 erat,
1741 3266 1915 3310 sacco
1965 3246 2261 3345 exciperet
2302 3250 2345 3280 “
2364 3244 2493 3309 haec
2508 3244 2549 3274 ”
2596 3250 2639 3281 “
2666 3245 2862 3333 inquit
2880 3244 2924 3276 '’
2968 3246 3231 3311 invictis-

850 3330 998 3393 sime
1027 3328 1170 3408 dux,
1187 3329 1622 3414 jucundissima
1647 3352 1742 3396 res
1770 3332 2024 3408 videtur,
2053 3354 2120 3397 ni
2147 3331 2348 3397 forsan
2376 3331 2675 3396 somnium
2696 3332 2851 3397 est.''
2936 3333 3053 3398 Cui
3080 3332 3231 3398 Der-

848 3416 1073 3501 mysius
1301 3415 1492 3481 ndens
1549 3423 1588 3454 ‘⁰
1607 3417 1734 3484 noli
1787 3418 1987 3503 inquit
2004 3418 2045 3449 ’'
2088 3418 2409 3484 fortissime
2448 3440 2647 3484 comes
2676 3420 2891 3487 somnii
2920 3420 3235 3486 dulcedine

851 3508 1159 3589 tantopere
1205 3438 1502 3584 delectari,
1533 3526 1612 3569 ns
1669 3528 1742 3571 ex
1946 3510 2047 3570 tus
2080 3528 2205 3571 non
2250 3526 2449 3571 veram
2470 3506 2744 3591 speciem,
2770 3507 2874 3572 sed
2904 3529 3112 3573 sensus
3142 3507 3233 3572 lu-

853 3588 1116 3656 dibrium
1141 3612 1270 3655 esse
1289 3590 1651 3678 intelligas.”
1791 3598 1955 3657 owea
1980 3592 2165 3657 Derm
2206 3593 2329 3657 sius
2350 3614 2489 3658 cum
2511 3592 2781 3659 Fentone
2809 3594 3011 3681 Anglo
3040 3594 3233 3659 Dum·

851 3676 978 3742 beoe
1005 3676 1286 3762 praefecto
1306 3678 1468 3743 vario
1497 3684 1913 3765 stratagemate
1940 3700 2159 3765 congre
2206 3680 2342 3745 ‘tur.

938 3763 1225 3830 Vestibus
1279 3771 1342 3830 et
1399 3766 1578 3831 armis
1634 3767 1891 3853 insignis
1916 3774 2045 3832 erat
2071 3767 2283 3832 cohors
2325 3768 2663 3854 Anglorum
2694 3788 2827 3853 quse
2870 3774 2914 3805 “
2942 3769 3235 3856 Sagorum

851 3848 1230 3931 rubrorum,''
1260 3852 1742 3933 nominabantur,
1773 3876 1808 3920 a
1834 3855 2045 3939 regina
2069 3854 2133 3919 in
2162 3852 2279 3919 boc
2306 3853 2530 3920 bellum
2560 3876 2753 3941 nuper
2778 3856 2975 3921 missa.
3038 3856 3239 3927 Quam

914 4080 937 4106 ⁴¹
977 4077 1046 4132 A.
1069 4076 1143 4132 D.
1177 4076 1568 4132 1580.—Four
1595 4076 1851 4142 Masta-s,
1876 4097 1931 4150 p.
1961 4078 2117 4137 1749.
2192 4077 2521 4151 Glenglasie,
2549 4098 2583 4134 a
2616 4080 2793 4147 wood,
2816 4098 2939 4136 now
2965 4082 3237 4146 Clonlish,

842 4148 1169 4203 south-west
1193 4155 1395 4219 county
1421 4146 1719 4202 Limerick.
1796 4148 1953 4202 Four
1982 4150 2242 4212 MasterS,
2278 4169 2333 4222 p.
2368 4151 2522 4209 1715.
2596 4151 2749 4206 John
2772 4170 2881 4207 was
2905 4155 3036 4208 then
3063 4171 3133 4208 on
3152 4155 3239 4209 his

842 4238 958 4292 way
983 4227 1042 4274 to
1065 4220 1212 4274 form
1235 4236 1272 4273 a
1288 4218 1546 4289 junctiou
1569 4219 1702 4273 with
1727 4219 2080 4291 BaltinglasS,
2104 4239 2193 4275 see
2220 4220 2359 4284 Oox,
2384 4224 2507 4277 366.

847 4307 953 4434 Mi·
977 4310 1168 4434 tGoart
1190 4307 1375 4439 nli⁷p5i⁷si
1401 4306 1546 4377 (Pes.
1569 4306 1722 4378 field)
1767 4314 1972 4381 county
1997 4306 2325 4379 Tipperary.
2376 4311 2449 4365 A.
2488 4310 2560 4365 D.
2591 4313 2744 4374 1581,
2768 4312 3057 4385 probably,
3078 4310 3237 4367 Fom-

911 4396 971 4435 as
1003 4398 1111 4446 ers,
1132 4398 1186 4451 p.
1357 4418 1373 4431 .

916 4473 949 4538 ss
987 4472 1058 4524 A.
1087 4470 1165 4524 ‚D
1196 4470 1584 4525 1582.-Four
1621 4468 1881 4523 Masters.
1908 4486 1964 4540 p.
1997 4468 2151 4528 1785.

918 4556 950 4620 5
992 4557 1065 4609 A.
1092 4554 1170 4608 D.
1203 4554 1823 4609 1581.-O'Donovan’s
1848 4552 2003 4607 Four
2030 4552 2290 4618 Limera,
2306 4572 2363 4627 p.
2397 4554 2555 4613 1763.

920 4638 940 4705 ΙΙ
980 4639 1072 4691 An
1096 4638 1280 4692 officer
1304 4637 1370 4691 of
1385 4638 1508 4693 that
1530 4656 1686 4693 name
1699 4638 1901 4692 lauded
1926 4638 2056 4692 with
2086 4638 2365 4695 Ormonde
2389 4640 2445 4692 in
2468 4640 2509 4693 J
2510 4658 2716 4712 anuary
2745 4644 2899 4706 1583,
2924 4651 2982 4697 at
3012 4643 3234 4699 Water-

849 4706 993 4769 ford,
1021 4706 1160 4774 Oox,
1187 4727 1222 4779 p
1268 4712 1372 4768 373
1393 4730 1409 4775 ;
1448 4710 1590 4764 after
1615 4710 1794 4764 which
1813 4710 1939 4762 date
1956 4710 2223 4783 probably
2258 4711 2367 4765 this
2390 4711 2643 4766 skirmish
2662 4715 2946 4769 occurred.

922 4794 967 4859 Ἰ

1005 4792 1075 4845 A.
1102 4790 1174 4844 D.
1207 4790 1593 4849 1579.—Four
1621 4793 1878 4854 Masters‚
1904 4810 1957 4863 p.
1994 4792 2147 4851 1723.
