3634 5842
913 767 1010 830 xvi

1958 789 2257 835 Palemon.

1169 938 1522 1024 Progeniem
1549 959 1867 1005 numerans
1894 940 2117 1006 AEneas
2147 939 2351 1006 ordine
2379 941 2627 1026 priscam

1258 1045 1336 1111 Se
1365 1067 1603 1133 quoque
1619 1047 1803 1134 stirpe
1832 1047 1874 1111 J
1874 1049 2003 1114 ovis
2033 1047 2299 1133 prodidit
2318 1069 2445 1112 esse
2474 1054 2687 1112 satum.

1168 1154 1528 1220 Exanimum
1555 1154 1761 1221 laudat
1788 1155 2137 1222 miserabilis
2167 1155 2431 1222 Hectora
2457 1159 2663 1232 mater,

1254 1261 1558 1330 Virtutem
1587 1264 2006 1331 Andromache
2034 1265 2318 1352 praedicat
2346 1286 2447 1330 ore
2475 1263 2605 1330 viri.

1171 1367 1376 1434 Julius
1404 1370 1656 1436 eximius
1684 1370 1857 1437 bellis
1887 1379 1948 1437 et
1976 1371 2237 1438 Palladis
2265 1377 2390 1436 arte

1253 1476 1570 1542 Hlustrans
1599 1479 1795 1543 amitae
1824 1479 2035 1544 funera
2060 1500 2205 1544 voce
2234 1478 2393 1544 senis

1166 1575 1312 1643 Alta
1339 1600 1462 1644 susc
1492 1578 1705 1646 veteris
1733 1581 1950 1666 repetit
1977 1582 2303 1668 primordia
2329 1581 2547 1670 gentis,

1250 1687 1384 1753 Nec
1415 1688 1596 1754 decus
1624 1688 1738 1753 hoc
1768 1693 2003 1754 tantum
2034 1688 2401 1755 dissimulare
2428 1694 2622 1775 putat.

1167 1791 1386 1858 Maesta
1413 1793 1508 1858 sui
1533 1793 1730 1860 fratris
1757 1811 2143 1860 numerosum
2170 1794 2291 1860 fata
2320 1793 2624 1860 Catullum

1249 1897 1582 1964 Flebilibus
1609 1906 1848 1965 constat
1877 1901 2289 1967 concinnuisse
2317 1901 2511 1966 modis

1165 2007 1490 2093 Eloquium
1517 2015 1804 2072 memorat
1832 2009 2165 2096 fratrisque,
2196 2031 2504 2095 genusque
2531 2013 2845 2096 parentum

1249 2113 1335 2179 Et
1363 2113 1525 2179 canit
1551 2114 1753 2178 uxoris
1783 2115 1951 2180 Naso
1980 2121 2157 2201 poeta
2196 2116 2393 2182 fidem.

1169 2219 1394 2286 Statius
1421 2219 1489 2284 in
1516 2219 1698 2285 roseis
1729 2219 1907 2306 sylvis
1936 2221 2199 2307 epicedia
2227 2222 2461 2308 scripsit

1251 2326 1331 2392 In
1358 2326 1544 2414 prolis
1570 2324 1794 2406 laudes„
1824 2326 2250 2412 interitumque
2276 2329 2482 2414 patris.

1165 2433 1453 2500 Fascibus
1480 2434 1787 2500 Ausonius
1815 2457 2070 2522 magnus
2098 2457 2235 2501 cum
2264 2437 2522 2500 carmine
2548 2434 2757 2502 consul

1253 2539 1538 2606 Funereis
1557 2539 1763 2605 retulit
1789 2540 1946 2606 facta
1972 2548 2216 2628 paterna
2242 2542 2464 2622 metris,

1163 2651 1256 2716 Ac
1285 2649 1462 2714 etiam
1490 2653 1752 2735 patruos„
1783 2647 2006 2729 affines,
2036 2655 2217 2734 atque
2258 2671 2518 2715 sororem

1249 2755 1586 2844 Deplorans
1613 2755 1811 2842 elegos
1842 2757 2037 2844 pergit
2062 2755 2213 2822 inire
2242 2779 2441 2824 sonos.

1167 2866 1275 2930 Sin
1302 2864 1574 2952 placeant
1601 2863 1778 2929 alicui
1805 2865 2007 2930 forsan
2034 2864 2235 2930 minus
2261 2863 2379 2930 ista
2406 2865 2653 2952 profana

1253 2971 1417 3036 Sacri
1445 2969 1831 3055 suppeditant
1858 2993 2046 3055 pauca
2073 2969 2369 3037 canendos
2398 2966 2552 3036 libri.

1162 3077 1459 3144 Exhibeat
1485 3077 1754 3164 patribus
1784 3078 2015 3143 cultum
2044 3081 2306 3165 spectata
2333 3101 2619 3165 propage,

1249 3184 1644 3271 Omnipotens
1672 3183 1986 3250 hominum
2005 3183 2296 3250 Conditor
2312 3184 2441 3270 ipse
2462 3188 2687 3250 monet.

1071 3261 1080 3269 ο
1166 3292 1427 3378 Pignora
1454 3290 1779 3356 Matathias
1807 3290 2066 3355 moriens
2095 3313 2204 3354 sua
2229 3289 2391 3354 tollit
2417 3290 2483 3355 in
2509 3295 2668 3356 astra
2794 3287 2805 3298 ’

1251 3398 1417 3464 Huic
1447 3399 1654 3463 Simon
1683 3397 1937 3483 sapiens,
1969 3397 2091 3462 dux
2121 3396 2505 3462 Machabaeus
2546 3404 2691 3466 erat.

1164 3507 1490 3592 Gregorius
1519 3506 1690 3572 claris
1718 3505 1961 3570 divinus
1988 3504 2321 3592 Episcopus
2350 3507 2497 3572 actis

1251 3611 1376 3683 Qui
1404 3612 1609 3676 sancta
1633 3611 1846 3696 sophia
1871 3610 2071 3677 nobile
2098 3634 2317 3677 nomen
2344 3611 2543 3694 habet,

1161 3718 1494 3784 Coesareum
1525 3716 1780 3784 celebrat
1805 3719 2066 3798 fratrem,
2098 3716 2473 3806 celebratque
2499 3743 2758 3788 sororem

1245 3825 1514 3892 Vocibus
1543 3830 1789 3892 exornat
1817 3823 1940 3891 fata
1968 3831 2213 3912 paterna
2240 3826 2382 3892 suis.

1163 3931 1466 3999 Ambrosii
1492 3932 1693 3998 tonuit
1720 3931 1919 3998 feralis
1948 3933 2156 3998 concio
2184 3933 2327 3998 Divi

1248 4037 1465 4103 Invida
1491 4061 1630 4104 cum
1657 4039 1829 4104 fratri
1856 4040 2110 4106 stamina
2135 4041 2323 4106 Parca
2352 4041 2550 4109 scidit.

1165 4144 1398 4230 Religio
1425 4145 1706 4225 Monicae,
1733 4145 2019 4232 probitas,
2048 4147 2357 4234 pietasque
2384 4149 2647 4216 colendae

1249 4247 1364 4313 Est
1393 4249 1736 4334 Augustino
1766 4256 1859 4315 sat
1887 4250 2131 4316 recitata
2157 4252 2279 4337 pio.

1161 4355 1456 4442 Idemque
1481 4356 1791 4442 ingenium
1819 4356 1947 4424 nati
1974 4358 2239 4425 mirabile
2269 4359 2479 4427 doctor

1251 4463 1469 4529 Sancto
1499 4465 1829 4550 composito
1858 4464 2121 4552 prodidit
2149 4489 2275 4532 esse
2302 4466 2477 4552 libro,

1161 4568 1345 4634 Plura
1373 4569 1516 4655 quid
1547 4571 1961 4636 accumulem?
2006 4573 2300 4638 sententia
2328 4577 2533 4638 nostra
2559 4568 2814 4649 valebit;

1251 4675 1606 4762 Susceptum
1633 4678 1845 4743 merito
1868 4679 1991 4766 jam
2020 4699 2367 4766 peragemus
2396 4699 2566 4764 opus.

1163 4779 1255 4846 Ut
1282 4782 1538 4847 moriens
1565 4781 1756 4848 fertur
1783 4783 2074 4849 modulari
2105 4783 2365 4849 carmina
2392 4805 2622 4872 cygnus

1251 4887 1349 4954 Sic
1375 4909 1490 4976 ego
1519 4887 1831 4956 charorum
1858 4890 2066 4955 funera
2096 4889 2223 4956 dira
2250 4911 2419 4955 cano.
