3634 5842
339 714 479 757 car.
529 692 706 774 v111.]
927 707 1046 751 sun
1093 702 1398 762 nemum,
1445 700 1741 747 numano
1786 700 1862 747 ΕΤ
1904 698 2129 743 imum.
2656 678 2737 739 89

1347 1038 1528 1105 OAP.
1573 1038 1725 1103 VII.

863 1220 950 1274 De
977 1214 1386 1272 MacWilliamo
1411 1213 1704 1281 Inferiore,
1729 1221 1786 1268 et
1813 1212 2235 1268 O'Phlatharta.

344 1384 659 1449 Laesum
709 1377 972 1444 motibus
1021 1374 1323 1440 Henricus
1371 1394 1477 1438 rex
1527 1371 1859 1458 expedituS‚
1908 1372 2023 1436 etsi
2072 1393 2197 1436 non
2248 1370 2323 1435 ad
2368 1374 2577 1434 votum
2636 1393 2739 1435 eos

345 1470 656 1546 sedaverit,
703 1462 1022 1551 sospitibus
1071 1459 1471 1547 magnatibus,
1522 1482 1673 1545 quos
1723 1459 1949 1524 deletos
2011 1455 2305 1539 volebam!
2356 1456 2737 1523 Connachtos
2760 1472 2906 1540 [78.]

341 1558 556 1622 statuit
607 1577 731 1619 esse
779 1548 1238 1637 impugnandos.
1325 1546 1479 1631 Ejus
1529 1547 1823 1611 exercitus
1868 1544 1909 1609 J
1912 1545 2209 1609 ohannem
2251 1542 2527 1608 Burkum
2558 1544 2737 1608 titulo

345 1644 488 1709 Mac
533 1641 904 1707 Williamum
931 1636 1280 1702 Inferiorem
1328 1633 1692 1719 aggreditur.
1787 1632 1931 1697 Mac
1958 1630 2299 1695 Williamus
2342 1636 2404 1693 et
2431 1631 2553 1695 suis
2582 1630 2739 1695 obae-

343 1732 510 1809 rati-³,
539 1736 600 1795 et
643 1728 964 1794 amicorum
1016 1722 1249 1788 auxiliis
1301 1722 1500 1805 copias
1545 1720 1727 1805 cogit.
1814 1718 1915 1783 Ad
1964 1718 2295 1785 Sruthirem
2344 1717 2569 1783 fiumen
2614 1740 2737 1782 me-

344 1816 626 1884 motabile
673 1811 988 1901 praelium*
1040 1808 1454 1886 committitur,
1507 1829 1626 1892 quo
1673 1805 1873 1890 regius
1914 1806 2209 1871 exercitus
2252 1804 2443 1883 fusuS,
2492 1805 2738 1889 fugatus
2848 1841 2860 1853 ·

343 1906 586 1991 ingente
635 1901 803 1967 caede
849 1897 1256 1965 labefactatur.
1345 1893 1560 1959 Paucis
1609 1901 1746 1980 post
1797 1892 2008 1957 diebus
2038 1892 2189 1957 alius
2216 1892 2509 1956 exercitus
2536 1892 2739 1976 regius

341 1993 408 2056 in
437 1992 718 2056 Maurum
747 1984 1279 2053 O'Phlathartam†
1323 1982 1540 2046 missus
1571 2002 1786 2066 magna
1812 1980 1979 2045 clade
1996 1980 2298 2057 sternitur,
2330 1984 2392 2042 et
2420 1977 2563 2043 alibi
2592 2000 2737 2063 quo-

383 2100 457 2143 ue
484 2078 632 2163 regii
660 2096 870 2162 parum
899 2069 1178 2159 prospere
1228 2068 1534 2135 dimicant.
1602 2068 1702 2133 Ita
1732 2067 1982 2133 Henrici
2024 2066 2201 2131 armis
2228 2065 2498 2150 repulsis,
2528 2065 2737 2151 religio

337 2100 646 2231 {atholica
671 2187 706 2228 a
734 2158 1102 2248 principibus
1131 2156 1366 2221 Ibernis
1393 2157 1458 2221 in
1485 2177 1691 2221 eorum
1719 2153 1941 2221 finibus
1970 2152 2369 2233 defenditur.‡

1337 2588 1518 2654 CAP.
1558 2587 1748 2651 VIII.

737 2782 824 2837 De
852 2782 1106 2837 Roberto
1133 2782 1366 2835 Ibernioe
1395 2780 1662 2843 Primate,
1685 2788 1744 2833 et
1769 2780 2017 2850 patribus
2039 2780 2347 2835 Societatis.

340 2928 558 2993 Par-nu
585 2926 876 2994 Nicolaus
925 2926 1290 2993 orlandinus
1339 2948 1372 2991 e
1423 2926 1702 2990 societate
1751 2924 1796 2989 J
1795 2946 1903 2989 esu
1952 2926 2251 2990 memoriae
2291 2926 2573 3014 prodidit,
2626 2928 2738 2995 hsto

337 3022 692 3102 tempestate
735 3016 1006 3081 floruisse
1056 3013 1388 3080 Robertum
1435 3012 1692 3077 Iberniae
1733 3012 2052 3111 primatem
2094 3011 2287 3078 virum
2328 3015 2645 3101 insignem,
2676 3024 2738 3081 et

341 3124 520 3188 super
547 3102 690 3169 alias
719 3102 1186 3190 fulgentissimus
1214 3101 1468 3166 virtutes
1499 3099 1570 3165 eo
1591 3098 1979 3165 admiratione
1997 3098 2266 3185 dignum,
2287 3102 2447 3188 quod
2468 3104 2737 3189 quamvis

339 3212 376 3255 a
419 3212 604 3276 puero
649 3190 828 3255 fuerit
877 3189 1066 3255 oculis
1095 3194 1326 3275 captus,
1357 3186 1509 3252 nihil
1557 3192 1758 3251 tamen
1807 3186 2009 3251 minus
2054 3186 2211 3253 claro
2239 3187 2467 3255 lumine
2495 3190 2737 3255 haeresis

339 3276 528 3342 furori
556 3275 790 3342 obviam
819 3278 924 3356 ire,
974 3276 1386 3361 laborantique
1428 3272 1640 3339 insulae
1683 3271 1999 3339 subvenire
2026 3278 2353 3343 curaverit:
2400 3284 2578 3363 atque
2607 3279 2736 3363 ejus

339 3370 556 3447 rogatu
583 3364 904 3429 nonnullos
930 3372 1126 3449 patres
1148 3385 1181 3428 e
1212 3363 1506 3427 Societate
1543 3361 1584 3425 J
1586 3384 1690 3426 esu
1721 3384 1756 3427 a
1782 3360 1974 3427 Paulo
2024 3362 2155 3441 III,
2200 3364 2489 3430 Pontifice
2540 3365 2735 3431 Maxi-

341 3471 442 3513 mo
473 3451 906 3530 conservandae,
927 3449 1428 3535 defendendaeque
1457 3447 1627 3513 Fidei
1655 3470 1835 3513 causa
1855 3448 1923 3515 in
1942 3447 2245 3515 Iberniam
2272 3451 2484 3517 missos
2512 3452 2697 3517 fuisse
2719 3479 2733 3516 :

339 3535 632 3615 omnium,
681 3536 938 3621 primum
987 3538 1028 3601 J
1030 3534 1324 3602 ohannem
1368 3534 1692 3601 Oodurium
1721 3558 1792 3601 eo
1823 3535 2191 3603 discessisse:
2234 3536 2352 3604 hoc
2377 3538 2519 3604 vero
2546 3546 2738 3604 morte

339 3634 636 3707 surreptO,
681 3622 1058 3707 Alphonsum
1100 3624 1519 3702 Salmeronem,
1559 3629 1619 3687 et
1652 3622 2041 3687 Paschasium
2068 3623 2357 3690 Broetum
2403 3626 2737 3711 Apostolici

338 3709 524 3795 legati
552 3715 904 3795 potestatem
933 3709 1237 3788 habenteS,
1265 3710 1582 3774 Francisco
1613 3707 1834 3773 Zabata
1862 3710 2212 3794 Apostolico
2241 3712 2523 3796 scriptore
2552 3712 2735 3777 comi-

339 3802 510 3862 tante
559 3818 716 3861 anno
765 3798 952 3874 1541,
1039 3795 1254 3861 Idibus
1305 3793 1670 3879 Septembris
1717 3794 1909 3859 Roma
1954 3796 2269 3880 profectos,
2312 3804 2372 3861 et
2400 3798 2475 3862 B.
2508 3797 2735 3882 Ignatii

337 3883 700 3949 Patriarchae
727 3881 998 3967 magistri
1025 3882 1120 3947 sui
1149 3882 1518 3947 documentis
1543 3881 1611 3945 in
1639 3903 1710 3947 eo
1739 3902 1986 3945 munere
2015 3881 2289 3947 obeundo
2318 3883 2641 3949 instructos
2668 3886 2735 3950 in

339 3969 585 4037 lbemia
630 3968 982 4035 Christianae
1003 3968 1211 4055 pietati
1260 3968 1518 4046 tuendae,
1551 3966 1969 4052 erroribusque
1995 3969 2168 4034 novis
2196 3968 2269 4035 ab
2302 3970 2521 4057 Anglis
2548 3972 2733 4037 illatis

338 4056 762 4145 oppugnandis
807 4054 1070 4121 multum
1126 4077 1340 4142 operae,
1367 4060 1427 4119 et
1473 4053 1694 4120 laboris
1721 4054 1806 4118 im
1881 4055 2117 4122 udisset
2161 4064 2299 4142 post
2324 4056 2736 4143 religiosorum

337 4168 479 4211 vero
526 4144 788 4210 reditum
837 4144 1152 4229 primatem
1197 4142 1413 4229 ipsum,
1455 4142 1560 4227 qui
1609 4140 1768 4207 Divo
1806 4078 2083 4208 ffiartim
2134 4151 2530 4225 consecratur,
2580 4146 2737 4211 diem

409 4346 434 4371 ⁴
474 4343 598 4397 The
620 4340 800 4396 battle
823 4339 890 4393 of
909 4336 1133 4399 Shruel,
1159 4337 1310 4392 A.D.
1345 4336 1502 4395 1⁵70.
1579 4336 1730 4390 Both
1757 4336 1901 4391 sides
1928 4336 2165 4392 claimed
2188 4337 2284 4393 the
2308 4338 2538 4411 victory.
2588 4339 2739 4393 Fom-

343 4414 688 4555 Mssngirdrou
729 4483 766 4536 h
791 4481 858 4535 of
901 4480 996 4535 the
1021 4478 1360 4541 Battleaxes,
1385 4478 1516 4531 does
1557 4486 1656 4531 not
1732 4477 1821 4549 lay
1845 4497 1880 4532 a
1901 4478 2216 4548 prominent
2296 4487 2385 4532 art
2421 4480 2612 4536 before
2645 4482 2741 4536 the

339 4554 496 4627 reign
540 4556 608 4609 of
642 4554 694 4608 E
720 4552 978 4619 izabeth3
1015 4550 1164 4605 from
1206 4549 1305 4603 her
1349 4549 1416 4633 be
1453 4548 1668 4601 receive
1743 4548 1851 4603 five
1930 4550 2114 4603 enei-al
2137 4568 2237 4620 par
2280 4567 2377 4604 ons
2401 4561 2458 4605 at
2484 4552 2737 4609 different

339 4626 500 4680 times
523 4626 614 4680 for
637 4633 905 4687 tremens,
931 4625 1030 4677 διο.
1107 4620 1200 4675 He
1223 4638 1332 4673 was
1357 4638 1413 4673 m
1437 4620 1534 4672 the
1557 4619 1734 4673 battle
1762 4619 1829 4673 of
1922 4620 2103 4673 bruel.
2181 4622 2300 4675 Iar.
2332 4624 2659 4697 Connaught,
2678 4646 2737 4701 p,

342 4700 464 4836 38}
483 4768 713 4822 Contra.
794 4714 897 4819 §ee
926 4765 1064 4827 σοι,
1089 4782 1124 4834 p
1147 4781 1201 4835 p.
1233 4766 1356 4829 253,
1380 4766 1506 4825 272,
1542 4764 1666 4820 273.

689 4842 766 4901 12
