3634 5842
401 789 541 834 car.
571 767 695 852 1x.]
805 789 889 834 nn
915 787 1361 846 ramnum,
1392 786 1633 838 Qum‘ro
1664 784 2169 833 rnasnctmoum
2199 783 2490 830 masc.
2667 763 2798 826 329

396 942 567 1000 rebus
588 940 695 1003 his,
718 957 839 1012 qum
860 948 993 996 sunt
1010 939 1277 994 hactenus
1300 939 1357 993 in
1380 940 1489 995 isto
1529 937 1973 1023 antiparlimento
2008 945 2192 992 vestro
2228 943 2383 1000 acte,
2407 953 2499 990 me
2519 935 2654 990 facis
2679 952 2796 990 cer.

402 1013 621 1078 florem,
646 1011 1061 1067 Catholicorum
1108 1011 1343 1065 istorum
1382 1017 1763 1073 constantiam,
1784 1010 1878 1064 cui
1901 1017 1968 1062 tu
1989 1015 2146 1063 tanto
2214 1027 2276 1062 re
2299 1008 2545 1070 confidis,
2579 1007 2668 1060 hic
2691 1026 2795 1080 ego

400 1083 615 1154 magnis
654 1083 908 1137 laudibus
948 1083 1139 1145 effero,
1182 1089 1239 1136 et
1278 1089 1343 1136 ut
1376 1089 1528 1138 totus
1548 1090 1828 1136 terrarum
1853 1081 2002 1135 orbis
2049 1081 2163 1134 cele
2198 1087 2370 1146 raret,
2395 1087 2455 1133 et
2477 1079 2793 1147 miraretur,

401 1153 789 1208 immortaliter
812 1154 1127 1227 gauderem.
1163 1153 1311 1208 Nam
1326 1153 1601 1226 diligendo
1616 1159 1838 1225 gentem
1849 1152 2013 1206 istam
2025 1151 2120 1205 vix
2132 1152 2320 1223 paucis
2335 1151 2487 1206 cedo.
2516 1151 2793 1206 Caeterum

398 1232 468 1278 ut
488 1225 593 1278 tibi
624 1242 914 1296 exponam,
934 1225 1068 1297 quid
1116 1225 1184 1278 de
1207 1224 1305 1279 illa
1322 1225 1594 1291 sentiam3
1636 1223 1757 1293 ejus
1796 1223 2106 1277 constantia
2145 1223 2324 1276 minus
2369 1223 2504 1278 mihi
2550 1223 2794 1296 gloriosa

401 1297 621 1350 videtur
646 1314 772 1350 cum
796 1297 981 1381 cogito
1007 1296 1224 1350 eosdem
1264 1295 1401 1350 istos
1436 1294 1669 1350 Ibernos
1692 1294 1798 1362 (sic
1823 1294 1968 1348 enim
1991 1293 2203 1364 accepi)
2229 1294 2488 1358 effecisse,
2510 1303 2577 1349 ut
2603 1295 2790 1350 Chris-

398 1367 553 1421 tiana
574 1367 769 1440 religio
792 1368 850 1421 in
872 1375 981 1422 isto
1002 1384 1175 1439 regno
1198 1365 1448 1420 fueritin
1470 1372 1652 1420 tantas
1692 1365 1974 1436 angustias
2009 1365 2278 1418 deducta:
2318 1367 2536 1437 quippe,
2561 1368 2654 1437 qui
2679 1385 2790 1422 non

398 1438 579 1494 solum
600 1456 711 1493 non
735 1439 986 1494 tulerunt
1027 1456 1186 1509 opem
1230 1437 1529 1492 Catholieoe
1566 1435 1712 1499 fidei,
1755 1453 1921 1507 quam
1956 1452 2148 1489 eorum
2171 1434 2392 1502 fratres,
2418 1446 2475 1492 et
2498 1439 2789 1510 populares
2843 1439 2852 1456 ⁴

398 1517 597 1564 contra
634 1509 1021 1565 Elizabetham
1056 1510 1305 1580 reginam
1344 1507 1740 1562 defendendam
1778 1513 2154 1577 susceperunt,
2195 1507 2294 1560 sed
2339 1509 2410 1562 ad
2457 1509 2789 1582 frangendos

400 1581 545 1634 vires
568 1599 776 1644 eorum,
796 1581 889 1654 qui
912 1599 1034 1635 eam
1059 1581 1129 1635 ad
1150 1580 1441 1652 pristinum
1479 1586 1686 1632 statum
1714 1585 1881 1648 atque
1901 1577 2250 1648 splendorem
2271 1580 2564 1635 restituere
2589 1583 2790 1636 consti.

397 1657 629 1706 tuerunt
664 1661 722 1706 et
760 1660 983 1738 possent
1020 1652 1125 1706 nisi
1168 1649 1443 1706 Catholici
1480 1649 1573 1703 isti
1616 1649 1825 1718 (nescio
1864 1666 1977 1718 >quo
2018 1648 2162 1718 fato)
2202 1666 2340 1721 repu
2415 1661 2616 1718 assent,
2638 1661 2694 1706 et
2715 1655 2790 1708 ad

398 1723 617 1776 eosdem
656 1723 786 1778 fidei
822 1723 1134 1778 defensores
1200 1720 1587 1777 ossessionibus
1610 1719 1958 1804 disjiciendos
1979 1719 2304 1793 penitusque
2366 1721 2585 1778 elendos
2607 1741 2788 1778 sacro-

398 1801 601 1848 sanctas
640 1794 764 1848 fidei
802 1794 1051 1850 hostibus
1080 1811 1155 1847 va
1175 1793 1403 1848 idissimi
1422 1791 1577 1846 nervi
1602 1797 1924 1846 extiterunt.
2001 1789 2094 1844 Ita
2117 1792 2163 1845 si
2186 1792 2320 1863 quid
2341 1791 2602 1848 adversus
2623 1795 2787 1850 fidem

395 1864 650 1928 fecerint,
672 1865 852 1920 animo
876 1866 1082 1930 sedato,
1104 1871 1163 1918 et
1184 1883 1218 1918 a
1239 1860 1742 1936 perturbationibus
1764 1861 1939 1916 libero
1955 1863 2432 1934 perpenderemus,
2452 1865 2616 1937 'plane
2639 1883 2786 1922 com.

396 1951 733 2006 peroremus,
775 1937 923 2009 quod
961 1936 1267 1990 intulerunt
1304 1936 1563 1988 damnum
1603 1933 1826 1988 minime
1871 1933 1941 1986 ab
1989 1933 2097 1987 illis
2130 1936 2378 2018 presenti
2417 1945 2622 1992 conatu
2667 1956 2784 1993 esse

395 2008 821 2071 resarciendum,
862 2008 1072 2080 hacque
1112 2024 1213 2060 sua
1252 2005 1558 2060 constantia
1598 2007 2063 2089 (quantacumque
2099 2009 2198 2076 sit)
2239 2005 2521 2079 religionis
2563 2027 2782 2064 causam

396 2095 677 2150 nunquam
714 2079 785 2133 ad
822 2079 975 2133 illum
1021 2085 1226 2132 statum
1262 2078 1407 2132 unde
1450 2093 1573 2131 eam
1606 2084 1908 2146 ejecerunt,
1931 2076 2317 2132 reducendam.
2391 2077 2782 2145 Nihilominus,

395 2150 641 2221 quamvis
683 2167 875 2204 eorum
914 2150 1094 2223 gloria
1131 2150 1205 2203 sit
1242 2148 1549 2211 obscurior,
1582 2164 1746 2219 quam
1787 2145 1998 2213 fuisset,
2035 2147 2082 2201 si
2117 2166 2228 2203 non
2263 2151 2679 2216 commisissent,
2715 2162 2784 2208 ut

396 2221 711 2275 universum
734 2239 967 2294 regnum
982 2222 1038 2274 in
1054 2221 1153 2275 has
1175 2237 1462 2284 erumnas,
1477 2219 1741 2282 miserias,
1756 2217 2121 2274 calamitatem
2146 2228 2204 2274 et
2219 2221 2589 2287 deterrimam,
2605 2224 2778 2278 omni-

309 2353 317 2362 ·
396 2291 604 2363 busque
626 2292 990 2348 miserandam
1014 2291 1379 2347 conditionem
1416 2290 1724 2344 incidisset=
1777 2297 1962 2344 tamen
2010 2291 2138 2362 quia
2159 2293 2566 2362 praeteritarum
2589 2312 2778 2350 rerum

392 2370 620 2417 eventus
642 2373 919 2435 nequeunt
940 2363 1210 2426 revocari,
1228 2371 1286 2417 et
1303 2362 1451 2434 quod
1472 2361 1682 2417 factum
1705 2368 1807 2425 est,
1831 2361 2096 2416 infectum
2117 2363 2237 2418 fieri
2259 2383 2370 2420 non
2393 2373 2604 2437 potest:
2630 2368 2780 2422 haud

393 2450 536 2506 nego
558 2452 651 2488 eos
672 2453 793 2488 rem
832 2435 1129 2489 immortali
1166 2434 1329 2490 laude
1366 2433 1737 2504 dignissimam
1778 2439 2160 2503 praestaturos‚
2199 2436 2245 2490 si
2269 2437 2339 2491 ab
2361 2455 2429 2492 ea
2449 2440 2778 2507 constantia,

394 2521 561 2576 quam
585 2506 872 2560 ostendere
895 2512 1195 2576 caeperunt,
1232 2521 1344 2558 non
1384 2504 1731 2558 desciverint.
1808 2503 1872 2557 Si
1896 2522 2028 2558 vero
2051 2522 2206 2560 secus
2231 2507 2464 2562 fecerint
2485 2510 2544 2562 in
2568 2528 2660 2564 eos
2683 2510 2780 2565 illa

395 2576 662 2658 evangelii
698 2575 1019 2646 exprobatio
1130 2575 1265 2629 terit
1302 2573 1615 2644 retorqueri
1682 2583 1721 2609 “
1740 2571 1853 2627 Hic
1893 2573 2059 2629 homo
2103 2577 2262 2648 caepit
2296 2579 2564 2634 edificare
2587 2588 2646 2635 et
2667 2599 2778 2636 non

396 2653 579 2718 potuit
598 2647 1029 2700 consummare.'’
1108 2663 1181 2717 go
1206 2645 1427 2728 quidem
1443 2662 1651 2708 vereor,
1670 2661 1739 2697 ne
1754 2643 1872 2712 jam
1891 2645 2232 2712 infirmiores,
2247 2655 2305 2703 et
2319 2651 2776 2707 inconstantiores

394 2734 455 2770 se
477 2716 778 2787 praebeant.
830 2717 1124 2788 Recepisse
1148 2733 1293 2770 emm
1327 2717 1419 2784 (ut
1442 2714 1575 2768 mihi
1611 2714 1905 2784 scripsisti)
1941 2715 2258 2771 haereticum
2280 2720 2449 2774 istum
2489 2723 2778 2792 magistra-

393 2789 541 2842 tum‘
568 2787 635 2841 de
657 2804 831 2858 regno
854 2788 994 2840 male
1030 2786 1306 2849 meritum,
1330 2785 1605 2840 Catholici
1639 2784 1781 2847 loco,
1804 2803 2084 2857 novosque
2106 2797 2384 2844 senatores
2407 2799 2603 2847 contra
2623 2795 2778 2848 insti-

392 2866 523 2916 tuta
544 2865 601 2914 et
622 2859 790 2930 leges,
812 2875 921 2912 non
952 2875 1123 2930 parva
1145 2857 1181 2910 d
1282 2855 1495 2911 neratio
1519 2863 1604 2910 est
1624 2873 1660 2909 a
1680 2855 1914 2926 pristina
1937 2855 2210 2912 Catholici
2233 2861 2400 2915 animi
2435 2865 2774 2919 constantia·

394 2946 651 3014 namque,
672 2947 799 2983 cum
825 2929 1023 2994 sinant,
1045 2935 1113 2982 ut
1134 2873 1505 3052 hieffiefftimi,
1528 2935 1590 2982 et
1608 2925 1833 2980 invalidi
1873 2935 2154 2982 senatores
2176 2948 2391 2987 omnem
2414 2906 2776 3005 iniquitatem:

394 3017 521 3072 qum
545 3019 603 3054 m
625 3002 733 3126 {isto
756 3000 1135 3055 conventiculo
1172 2998 1315 3054 stabi
1338 2999 1417 3052 'ta
1456 2997 1645 3061 fuerit,
1676 2997 2034 3062 authoritate,
2056 3007 2114 3053 et
2135 3003 2426 3071 prasentia
2446 3022 2547 3059 sua
2581 3007 2778 3060 confir·

395 3089 548 3126 mare
571 3073 624 3126 vi
662 3079 844 3127 entur.

468 3143 637 3197 Hunc
660 3161 843 3198 meum
866 3150 1076 3198 metum
1114 3159 1226 3196 non
1264 3140 1615 3196 mediocriter
1654 3147 1842 3212 auget,
1878 3141 2026 3212 quod
2049 3143 2242 3198 scribis
2265 3145 2336 3200 de
2359 3148 2776 3204 confiscatione=

396 3216 465 3272 de
490 3231 601 3286 qua
622 3231 731 3268 non
756 3216 898 3269 inter
925 3231 1127 3279 omnes,
1150 3213 1229 3268 ais
1270 3213 1580 3275 convenire,
1620 3211 1843 3285 ipseque
1880 3213 2084 3268 videris
2123 3216 2418 3289 ambigere,
2459 3219 2558 3275 sed
2597 3228 2782 3276 tamen

397 3286 727 3350 existimare,
764 3304 875 3341 non
910 3303 1025 3340 esse
1066 3285 1149 3340 illi
1186 3284 1638 3339 intercedendum
1672 3300 1741 3338 ne
1762 3283 1822 3348 ii,
1847 3283 1941 3355 qui
1964 3283 2116 3339 illam
2139 3289 2386 3359 cupiunt,
2409 3291 2778 3348 offendantur.

402 3357 551 3420 Quid
564 3364 589 3411 ?
660 3355 863 3412 Nonne
895 3357 1239 3411 offendentur
1270 3356 1454 3419 etiam,
1487 3362 1653 3426 atque
1675 3355 2182 3423 stomachabuntur,
2204 3360 2250 3413 si
2277 3360 2547 3417 Catholici
2566 3362 2782 3434 jureju-

397 3428 571 3483 rando
608 3447 719 3483 non
758 3428 1081 3483 confirment
1119 3444 1307 3498 regem
1346 3445 1463 3481 esse
1498 3427 1736 3481 ecclesie
1760 3433 1960 3498 caput:
1999 3445 2228 3500 erasque
2263 3448 2488 3487 suorum
2511 3435 2781 3490 bonorum

435 3499 753 3554 ublicationi
776 3518 885 3554 non
910 3499 1307 3554 assentiantur?
1332 3515 1511 3552 noune
1534 3497 1703 3560 vides,
1718 3515 1881 3568 quam
1904 3515 2045 3553 vana
2057 3507 2116 3553 et
2125 3499 2348 3557 infirma
2357 3504 2429 3558 sit
2443 3505 2558 3560 haec
2576 3506 2780 3560 Catho-

420 3571 631 3625 icorum
668 3569 932 3643 cogitatio
948 3577 973 3624 ⁴?
1008 3571 1055 3624 si
1096 3570 1202 3624 hoc
1238 3569 1525 3623 consilium
1564 3569 1874 3624 executioni
1910 3569 2306 3636 mandaverint,
2377 3577 2614 3631 uomodo
2656 3577 2781 3632 illos

396 3642 571 3696 bonos
613 3641 931 3696 Catholicos
968 3659 1089 3696 esse
1122 3639 1505 3713 judicabimus.
1624 3638 2081 3710 Quandoquidem
2127 3659 2285 3697 error
2385 3645 2780 3702 utheranorum

396 3714 777 3782 asserentiumu
804 3713 911 3767 fide
933 3730 1059 3768 cum
1084 3711 1241 3766 malis
1263 3711 1517 3782 operibus
1538 3710 1677 3765 effici
1713 3710 1886 3764 bonos
1929 3709 2259 3781 Catholicos,
2295 3731 2330 3768 a
2367 3716 2780 3773 Catholicorum
2802 3717 2980 3785 [256]

398 3785 641 3839 omnium
660 3785 931 3838 bonorum
954 3785 1101 3847 aula,
1124 3790 1385 3852 tanquam
1406 3781 1633 3852 impium
1655 3781 1834 3835 scelus
1849 3781 2182 3852 exploditur.
2257 3785 2472 3843 Malum
2495 3807 2626 3845 vero
2645 3807 2780 3862 opus

398 3873 533 3910 num
554 3873 665 3910 non
704 3862 791 3908 est
828 3863 1003 3918 tanta,
1044 3865 1265 3926 tamque
1306 3860 1468 3907 atrox
1506 3851 1798 3922 injustitia,
1839 3859 1905 3906 ut
1941 3853 2188 3908 inaudita
2221 3874 2348 3926 pars
2383 3862 2782 3930 proscribatur,

399 3928 634 3981 maxime
672 3926 890 3997 quando
931 3945 1033 3980 nec
1072 3925 1241 3987 facto,
1281 3941 1384 3978 nee
1416 3923 1547 3992 jure
1586 3923 1848 3977 delictum
1885 3923 2172 4000 manifeste
2193 3929 2462 4012 probatur
2479 3939 2504 3985 i>
2577 3931 2778 3987 Certe:

400 4015 573 4068 eoque
596 3996 751 4068 pejus
784 3998 933 4068 quod
974 3998 1185 4059 firmus,
1206 3993 1563 4067 publicasque
1583 3994 1797 4078 proscri
1835 3993 1998 4048 tionis
2019 4003 2176 4051 actus
2201 4016 2256 4051 ιιι
2279 4002 2621 4071 pai-lamento
2645 4005 2782 4059 cele-

398 4068 594 4123 bratus
626 4067 813 4136 justus
854 4086 971 4122 esse
1009 4067 1231 4121 minime
1271 4065 1507 4128 videtur,
1544 4064 1651 4119 mei
1690 4082 1793 4136 pro
1835 4065 2092 4130 ciscatur,
2131 4086 2200 4122 ex
2235 4079 2390 4126 certa
2411 4074 2594 4138 etiam,
2618 4083 2783 4148 atque

400 4136 623 4211 publica
634 4138 883 4192 scientiae
910 4147 1076 4210 atque
1086 4137 1223 4191 adeo
1247 4153 1315 4190 ex
1338 4135 1651 4208 cognitione
1670 4137 1878 4200 delicti,
1892 4137 1977 4192 vel
1993 4137 2144 4193 facto
2159 4141 2478 4208 certissima,
2493 4153 2552 4199 et
2567 4164 2782 4201 omnem
2819 4145 2822 4153 '

396 4209 823 4271 excusationem,
842 4217 1006 4280 atque
1025 4207 1389 4263 defensionem
1404 4207 1621 4278 penitus
1640 4208 1968 4263 infirmante.
2009 4213 2091 4265 At
2107 4209 2162 4264 in
2180 4215 2433 4283 praesenti
2447 4234 2577 4270 casu
2595 4218 2784 4274 similis

400 4281 555 4336 notio
590 4281 677 4335 vel
720 4279 949 4334 scientia
986 4297 1325 4350 nequaquam
1364 4279 1678 4334 intervenit.
1753 4279 1811 4333 N
1812 4297 2008 4350 amque
2049 4281 2304 4338 universo
2326 4303 2498 4358 regno
2523 4288 2692 4356 (sicut
2715 4291 2787 4344 ad

400 4370 490 4406 me
529 4351 802 4423 perlatum
842 4353 951 4420 est)
980 4349 1489 4422 ,exploratissimum
1526 4357 1611 4405 est
1646 4350 1771 4405 illos
1812 4351 1962 4405 viros
1985 4351 2080 4420 (de
2141 4371 2341 4409 uorum
2363 4360 2788 4428 possessionibus

400 4424 534 4478 fisco
559 4421 873 4478 addicendis
896 4423 1107 4494 agitur)
1132 4439 1169 4476 a
1201 4439 1353 4494 rege,
1374 4420 1539 4476 fuisse
1562 4421 1858 4476 accersitos
1903 4369 2217 4492 honorilice,
2240 4435 2298 4480 et
2319 4428 2492 4483 amice
2515 4440 2788 4503 acceptos,

400 4495 617 4566 illisque
640 4511 766 4550 suas
790 4493 1151 4565 possessiones
1174 4491 1413 4555 relictas,
1456 4500 1514 4546 et
1554 4510 1698 4547 nova
1735 4492 2130 4557 benevolentia,
2171 4499 2478 4567 permissas.
2557 4501 2721 4566 Quod
2745 4505 2790 4558 si

402 4574 593 4636 postea
614 4587 649 4622 a
670 4583 842 4638 regno
867 4565 1264 4637 demigrarunt,
1288 4571 1372 4626 ut,
1408 4562 1496 4618 vel
1520 4581 1577 4617 se
1618 4563 1959 4618 vindicarent
1981 4583 2016 4620 a
2037 4567 2320 4622 calumniis
2353 4571 2680 4627 oemulorum
2703 4592 2794 4629 co-

400 4637 649 4692 nantium
670 4637 819 4709 regis
843 4636 983 4690 iram
1005 4637 1063 4689 in
1086 4652 1180 4690 eos
1205 4651 1442 4697 movere,
1466 4634 1554 4688 vel
1578 4635 1635 4688 in
1658 4634 1779 4689 aliis
1802 4635 1938 4690 locis
1954 4635 2126 4691 libere
2147 4646 2204 4692 et
2229 4639 2538 4698 Christiane
2569 4654 2796 4717 agerent

754 4905 837 4966 42
1190 4831 1215 4856 ‘
1256 4827 1349 4883 Sir
1376 4825 1525 4882 John
1547 4826 1738 4890 Davis,
