3634 5842
411 728 547 773 car.
595 706 706 791 ιι]
1083 728 1168 775 ns
1209 728 1414 777 mm
1457 728 1823 780 eumenem
1866 728 2204 777 Annonmr.
2666 714 2794 780 173

407 880 663 947 Fontis*
696 879 940 964 (Gluoin
965 879 1282 967 Tibul-uid)
1311 881 1546 962 dieitur,
1575 882 1883 969 pervenit:
1914 881 2023 947 ubi
2048 882 2250 968 copias
2278 904 2417 949 suas
2444 883 2604 949 hosti
2632 906 2806 971 spec-

411 967 628 1034 tandas
675 967 921 1054 proebet.
1005 967 1156 1035 O’N
1155 968 1308 1034 ellus
1325 968 1654 1055 ‘imperator
1677 970 1835 1035 nihil
1858 969 2210 1056 imperitior,
2238 969 2343 1035 sed
2370 969 2597 1035 viribus
2622 971 2803 1058 longe

411 1056 604 1141 impar
647 1055 926 1121 occurrit.
1011 1055 1116 1121 Ibi
1163 1056 1416 1121 duarum
1464 1054 2009 1123 bellicosisimarum
2056 1056 2388 1122 insularum
2444 1056 2567 1123 duo
2622 1058 2803 1144 longe

412 1142 720 1209 clarissimi
771 1142 952 1208 duces
993 1142 1262 1229 primum
1307 1144 1480 1228 signa
1527 1143 1867 1209 conferunt.
1952 1143 2103 1208 Erat
2142 1142 2245 1210 ille
2300 1143 2469 1210 locus
2518 1144 2805 1231 planicies

413 1251 449 1294 a
521 1236 634 1308 τι»,
687 1230 740 1294 83
787 1238 999 1315 patens
1045 1229 1152 1295 sed
1208 1229 1562 1297 humiditate
1609 1252 1823 1317 perum
1876 1230 2181 1317 impedita.
2266 1230 2366 1295 Ex
2410 1231 2805 1297 circumiectis

412 1251 742 1401 uffginibus
789 1338 962 1401 aquae
1003 1316 1372 1383 confluentes
1418 1317 1638 1383 vadum
1685 1316 2003 1395 faciebant,
2049 1338 2156 1405 per
2204 1315 2369 1403 quod
2414 1324 2543 1383 erat
2586 1318 2805 1405 Anglis

413 1402 780 1469 commodius
807 1402 1257 1469 transeundum.
1344 1402 1509 1469 Hlud
1535 1404 1756 1470 vadum
1784 1403 1931 1470 O’N
1930 1403 2081 1470 ellus
2108 1402 2383 1484 obsidet3
2426 1404 2587 1469 adire
2605 1410 2803 1470 tentat

413 1488 666 1570 Norris3
709 1512 848 1554 eum
874 1506 1196 1555 'removere
1242 1489 1538 1555 O’Nellus
1579 1498 1851 1557 conatur.
1934 1490 2249 1577 Equestris
2290 1490 2469 1555 simul
2495 1513 2718 1577 pugna,
2748 1493 2805 1557 ἃ

411 1574 956 1642 bombardariorum
975 1576 1277 1659 velitatioss
1301 1577 1527 1643 circum
1541 1577 1760 1643 vadum
1775 1577 2009 1664 incipit.
2049 1576 2301 1663 Equites
2327 1578 2477 1663 regii
2504 1598 2800 1643 armorum
2822 1596 3005 1666 [139.]

413 1663 760 1742 munimine,
789 1662 995 1730 Iberni
1021 1662 1334 1728 hominum
1363 1663 1712 1729 dexteritate
1737 1664 2119 1750 praestabmt.
2161 1662 2367 1729 Iberni
2393 1662 2806 1731 fulminatores

414 1748 768 1815 collineandi
817 1750 1065 1815 scientia
1111 1749 1292 1836 longe
1347 1748 1792 1816 antecedebant.
1912 1750 2094 1823 Quod
2150 1750 2532 1815 commodum
2588 1750 2805 1838 saepius

414 1859 726 1902 commune
755 1837 939 1922 partis
966 1836 1156 1902 vtrius
1197 1858 1275 1902 ue
1303 1844 1429 1903 erat
1452 1863 1466 1902 ε
1513 1858 1654 1903 nam
1677 1838 1746 1903 in
1771 1838 1939 1923 regio
1966 1837 2231 1903 exercitu
2250 1835 2406 1923 saepe
2422 1837 2623 1921 plures
2638 1845 2807 1903 erant

415 1922 642 2001 Iberni,
674 1946 850 2010 quam
879 1923 1086 2009 Angli.
1311 1924 1346 1937 '’
1375 1922 1774 1991 bombardarii
1800 1924 1895 1990 bis
1923 1948 1959 1991 a
1986 1922 2309 1989 Catholicis
2330 1924 2623 1989 confutati
2641 1932 2804 2003 sunt,

415 2010 770 2075 reclamante
797 2008 1064 2089 Norrise,
1096 2010 1204 2096 qui
1297 2011 1479 2075 timus
1509 2012 1778 2075 omnium
1805 2012 2015 2097 pugna
2041 2009 2381 2076 excedebat.
2466 2012 2563 2077 Ac
2592 2010 2705 2076 sub
2735 2033 2807 2077 eo

421 2096 662 2183 quidem
691 2118 878 2183 equus
948 2097 1190 2162 lumbe&
1215 2097 1432 2184 glande
1459 2098 1772 2163 confossus
1801 2098 1980 2163 cadit.
2026 2096 2252 2162 Omnes
2280 2096 2467 2183 partis
2494 2098 2809 2182 utriusque

417 2185 650 2269 equites
697 2184 838 2249 Mac
888 2120 1098 2251 guieri
1146 2206 1271 2250 non
1319 2184 1540 2270 injuria
1584 2186 1802 2272 primas
1860 2190 2296 2250 concesserunt.
2382 2182 2537 2249 Cum
2592 2182 2811 2251 Nortia

419 2271 633 2357 aegrius
659 2270 839 2335 ferret
865 2293 1006 2335 suos
1035 2269 1128 2335 bis
1156 2272 1404 2358 rejectos
1431 2270 1630 2337 locum
1659 2293 1784 2337 non
1811 2270 2181 2349 sustinuisse,
2224 2270 2271 2335 J
2270 2270 2461 2335 aimus
2490 2270 2810 2357 Sedgreius

421 2378 606 2443 eques
639 2357 895 2425 [bernus
939 2357 1316 2439 Midhiensis,
1347 2358 1628 2445 corporis,
1662 2360 1714 2425 ἃ
1741 2358 1924 2424 animi
1950 2355 2163 2425 robore
2190 2357 2481 2423 excellens
2508 2358 2727 2444 ipsum,
2758 2359 2810 2423 δι

419 2443 510 2509 Ba
595 2443 750 2509 alem
795 2444 882 2508 ita
929 2442 1046 2509 allo
1089 2444 1271 2509 uitur.
1356 2451 1403 2481 “
1423 2444 1656 2510 Mittite
1705 2468 1939 2511 mecum
1986 2446 2255 2531 equitum
2304 2450 2582 2524 turmam,
2614 2444 2668 2510 &0
2696 2466 2810 2531 ego

419 2552 498 2615 po
549 2532 700 2595 'ceor
726 2529 915 2607 vobis,
1093 2530 1272 2595 ellum
1301 2554 1429 2596 esse
1479 2530 1626 2596 mihi
1654 2554 1728 2597 ex
1753 2532 2048 2620 ephippiis
2078 2530 2287 2595 saltem
2317 2529 2809 2599 detrahendum?

419 2615 798 2681 consistebat
845 2615 1142 2682 O'Nellus
1187 2617 1264 2683 ab
1311 2616 1495 2683 altera
1581 2624 1706 2683 arte
1753 2617 1893 2683 vadi
1945 2616 2336 2704 quadragInta
2384 2615 2707 2702 equitibus,
2750 2624 2812 2682 et

421 2701 846 2768 bombardariis
894 2703 1100 2788 paucis
1143 2704 1417 2789 stipatus,
1466 2705 1531 2769 in
1575 2725 1608 2768 e
1663 2704 1935 2803 praelium
1986 2702 2414 2788 contemplans,
2458 2709 2519 2768 et
2568 2704 2813 2789 imperia

421 2789 590 2855 dans.
677 2788 878 2854 Tertio
907 2790 1155 2877 equites,
1187 2800 1250 2854 et
1297 2782 1694 2855 bombardarii
1733 2812 2001 2876 pugnam
2042 2788 2465 2875 redintegrant.
2550 2788 2637 2854 Et
2665 2789 2813 2855 Sed-

421 2876 622 2961 greius
651 2875 889 2961 quidem
919 2876 1238 2942 comitatus
1279 2876 1478 2943 turma
1525 2876 2011 2943 electissimorum
2052 2876 2322 2961 equitum
2349 2874 2723 2955 Ibemorum,
2752 2883 2815 2945 et

422 2962 760 3049 Anglorum
805 2962 1024 3028 vadum
1195 2963 1438 3031 reditur.
1525 2962 1607 3029 In
1655 2964 1787 3050 ipso
1835 2964 1985 3029 vado
2030 2962 2207 3048 pauci
2250 2962 2479 3048 equites
2522 2962 2747 3027 cadunt
2774 2962 2813 3027 ὃ

422 3050 545 3115 sclo
721 3050 788 3114 'is
816 3050 1079 3137 corporis
1187 3050 1353 3115 Nelli
1382 3048 1730 3117 custodibus
1755 3050 1883 3117 icti.
1966 3048 2381 3115 Nihilominus
2410 3048 2525 3115 Sed
2600 3050 2811 3115 eiusin

425 3136 502 3201 O'
571 3136 754 3202 ellum
777 3136 995 3202 irruit:
1039 3144 1292 3224 uterque
1319 3138 1386 3203 in
1413 3136 1656 3203 alterius
1683 3136 1867 3203 lorica
1892 3136 2125 3203 hastam
2150 3136 2393 3223 frangit.
2555 3158 2634 3201 ox
2663 3136 2808 3203 Sed-

425 3224 624 3309 greius
651 3222 979 3289 O'Nellum
1021 3224 1176 3290 collo
1228 3225 1658 3311 deprehensum
1687 3247 1760 3289 ex
1789 3244 1945 3311 equo
1976 3222 2291 3303 deturbat3
2336 3222 2481 3287 O'N
2482 3220 2633 3289 ellus
2658 3222 2813 3289 invi-

425 3332 554 3375 cem
581 3310 931 3396 Sedgreium
959 3332 1033 3375 ex
1058 3332 1214 3399 equo
1244 3311 1500 3378 detrahit
1525 3338 1538 3377 ε
1585 3310 1761 3377 ambo
1776 3312 1843 3377 in
1863 3317 2161 3377 certamen
2179 3309 2390 3376 validae
2407 3308 2585 3375 luctae
2600 3332 2814 3377 manus

425 3404 784 3463 conserunt:
827 3396 1126 3463 &Nellos
1148 3400 1559 3485 prosternitur,
1582 3398 1686 3486 qui
1707 3404 1909 3464 tamen
1930 3398 2128 3464 animo
2156 3403 2325 3463 tanto
2352 3396 2488 3477 fuit,
2517 3404 2589 3461 ut
2608 3397 2814 3483 jacens

425 3484 776 3571 Sedgreium
803 3483 916 3550 sub
944 3484 1129 3551 lorica
1167 3486 1324 3551 inter
1363 3486 1587 3551 femina
1613 3508 1718 3573 per
1747 3486 2027 3572 genitalia
2054 3484 2262 3550 stricto
2290 3483 2552 3569 pugione
2580 3483 2814 3550 confos-

426 3592 562 3637 sum
586 3571 964 3637 interfecerit.
1049 3570 1292 3637 Circum
1335 3572 1686 3658 Sedgreium
1727 3571 2055 3638 octodecim
2084 3571 2314 3657 equites
2342 3568 2638 3655 splendidi
2666 3570 2815 3657 regii

425 3655 840 3739 succumbunt,
871 3664 934 3723 et
959 3654 1200 3744 signum
1227 3658 1492 3743 capitur:
1538 3659 1735 3724 caeteri
1759 3659 1909 3745 fuga
1935 3658 2187 3723 salutem
2212 3663 2471 3742 petunt:
2514 3656 2637 3721 una
2663 3676 2814 3743 quo-

425 3763 544 3831 que
571 3766 778 3810 omnes
803 3745 982 3833 regiae
1009 3745 1196 3830 copiae
1222 3744 1434 3831 pedem
1461 3744 1677 3811 referre
1698 3751 2017 3831 coguntur,
2046 3742 2438 3829 septingentis
2456 3741 2593 3829 plus
2614 3743 2814 3809 minus

501 3963 526 3989 '⁸
565 3958 912 4023 Clontuhrid,
959 3976 1090 4014 near
1141 3958 1476 4033 Monaghan.
1551 3958 1703 4013 Four
1749 3956 2006 4019 Hester-s,
2053 3974 2109 4027 p.
2168 3954 2323 4015 1971.
2398 3956 2530 4018 002,
2567 3972 2633 4039 p.
2678 3956 2809 4015 407.

430 4027 633 4086 Nor-ris
673 4031 777 4086 left
815 4030 1025 4085 Dublin
1070 4030 1290 4102 August
1319 4033 1404 4093 11,
1426 4028 1625 4101 fought
1650 4047 1684 4083 a
1703 4026 1881 4083 battle
1904 4026 2118 4101 against
2154 4024 2373 4089 O'Neil,
2396 4024 2454 4079 in
2476 4023 2655 4081 which
2676 4026 2813 4082 both

431 4102 526 4156 the
547 4102 836 4157 Horrisses
859 4118 1002 4156 were
1025 4101 1294 4156 wounded
1317 4121 1334 4167 3
1359 4100 1600 4155 relieved
1621 4099 1939 4173 Monsghan
1963 4096 2138 4169 (σοι)
2164 4098 2273 4151 and
2295 4115 2405 4151 was
2427 4098 2485 4151 in
2508 4096 2719 4152 Dublin
2743 4114 2815 4152 on

437 4173 678 4229 October
709 4177 791 4227 ll.
867 4173 988 4227 The
1014 4174 1164 4227 Fonr
1187 4172 1422 4227 Mauors
1447 4170 1691 4227 describe
1725 4188 1761 4225 a
1783 4169 1957 4225 battle
1995 4168 2291 4241 occur-ring
2323 4168 2515 4223 within
2549 4169 2643 4222 the
2666 4185 2813 4223 nme

429 4244 584 4308 time,
605 4245 662 4298 in
685 4244 864 4299 which
889 4244 986 4298 the
1009 4244 1295 4299 Nori-isses
1319 4260 1463 4297 were
1487 4242 1773 4305 vendoil,
1798 4242 1909 4297 and
1946 4240 2145 4297 O’Neil
2170 4256 2280 4294 was
2301 4238 2618 4293 victorious.
2695 4239 2817 4295 But

430 4316 554 4371 thet
575 4316 768 4384 battle,
793 4316 888 4369 the
943 4334 1058 4387 say,
1082 4332 1192 4369 vas
1215 4313 1414 4387 fought
1435 4315 1678 4368 between
1704 4312 1953 4384 Armagh
1978 4312 2087 4366 and
2122 4310 2179 4365 N
2330 4348 2344 4363 .
2422 4309 2543 4364 The
2574 4328 2733 4365 scene
2756 4310 2822 4365 of

434 4386 528 4441 the
549 4386 724 4441 battle
747 4334 945 4458 fought
968 4388 1022 4441 in
1052 4385 1198 4457 May,
1240 4389 1395 4449 1595,
1435 4384 1650 4457 against
1686 4384 1890 4438 Non-is
1924 4383 2037 4437 end
2078 4381 2259 4436 Russe
2300 4417 2321 4443 ,
2343 4398 2398 4451 p.
2434 4382 2590 4465 ¹¹?87'
2622 4398 2815 4454 agrees

435 4459 600 4512 much
621 4456 802 4512 better
825 4456 1333 4522 with·Clontubrid‚
1355 4456 1465 4510 and
1505 4454 1638 4509 with
1677 4454 1774 4509 the
1797 4454 1993 4509 details
2034 4452 2101 4507 of
2128 4452 2225 4507 the
2260 4451 2435 4505 battle
2468 4468 2526 4505 m
2550 4450 2644 4505 the
2666 4470 2814 4508 same

435 4528 626 4583 mouth
651 4529 836 4597 (25th)
860 4546 991 4583 near
1017 4528 1352 4600 Monaghan,
1376 4526 1659 4581 described
1681 4526 1753 4598 by
1779 4524 1918 4588 00¹,
1941 4542 1997 4595 p.
2023 4528 2149 4577 405.
2230 4522 2289 4576 It
2312 4522 2359 4577 is
2381 4530 2506 4577 true
2530 4522 2623 4577 the
2660 4524 2814 4597 Eng-

435 4598 540 4653 lish
561 4609 822 4654 accounts
843 4599 1084 4654 mention
1112 4598 1341 4671 Bag-nell
1364 4597 1490 4669 only
1527 4614 1587 4651 as
1607 4596 1953 4651 commandin
2012 4594 2209 4659 there3
2246 4593 2367 4661 but,
2410 4594 2457 4646 it
2492 4610 2661 4648 seems
2686 4614 2815 4669 very

439 4678 588 4723 stran
681 4670 804 4724 that
828 4669 1068 4733 Russell,
1090 4671 1214 4725 who
1237 4670 1346 4724 had
1366 4666 1635 4724 returned
1655 4666 1800 4722 stom
1826 4666 1911 4720 his
1936 4612 2205 4721 &icklow
2230 4664 2559 4749 expedition,
2574 4666 2707 4739 May
2730 4671 2813 4731 15,

436 4740 548 4793 and
723 4742 788 4803 is,
811 4742 934 4795 who
955 4742 1064 4795 had
1086 4742 1286 4796 lauded
1307 4742 1366 4795 in
1387 4740 1693 4811 February,
1717 4737 1916 4793 should
1938 4737 2007 4791 be
2031 4744 2071 4773 “
2086 4736 2393 4807 refreshmg
2412 4736 2733 4795 themselves
2757 4739 2813 4793 in

438 4808 582 4864 their
605 4814 888 4883 quai-tere·
911 4810 1062 4867 when
1090 4812 1288 4869 O'Neil
1309 4812 1420 4867 had
1441 4811 1578 4866 been
1599 4809 1880 4883 bedeging
1903 4808 2217 4883 Honeghsn
2250 4806 2399 4861 since
2420 4808 2600 4880 April.
