3634 5842
885 743 920 804 8
1323 741 1742 809 οέσιιενΛΝῙ
1788 764 2103 810 msromffl:
2148 766 2537 828 cunonem,
2582 769 2731 814 rou.
2782 770 2826 814 1.
3018 753 3177 837 [un.
3222 775 3268 817 1.

877 912 1084 978 Solino
1115 915 1374 981 tradenti
1401 939 1528 982 esse
1557 939 1715 982 anuo
1759 923 1890 982 toto
1918 917 2217 985 undosum
2247 931 2307 986 et
2334 923 2691 1010 inquietum,
2722 923 3113 1011 pauculisque
3142 926 3266 993 die-

878 1002 994 1067 bus
1023 1003 1248 1067 oestivis
1275 1004 1628 1089 navigabile,
1658 1004 1797 1069 fidei
1824 1005 1977 1070 nihil
2015 1007 2373 1074 habendum.
2462 1011 2625 1076 Nam
2654 1018 2863 1076 contra
2890 1013 3067 1078 docet
3092 1036 3269 1101 expe-

878 1091 1094 1154 rientia
1123 1096 1184 1154 et
1213 1112 1374 1156 mare
1421 1091 1573 1156 illud
1621 1098 1753 1156 toto
1783 1113 1943 1157 anno
1970 1096 2256 1181 navigari,
2288 1103 2349 1162 et
2379 1099 2653 1164 Solinum
2681 1098 2755 1163 de
2786 1098 3028 1166 Ibernia
3055 1122 3271 1186 parum

879 1178 1027 1242 certi
1064 1177 1377 1263 accepisse.
1465 1178 1688 1264 Figura
1745 1201 1875 1243 esse
1932 1187 2125 1260 ovata,
2186 1184 2289 1268 qui
2346 1183 2605 1250 insulam
2654 1186 2853 1270 aptius
2904 1185 3270 1268 describunt,

876 1265 1066 1328 aiunt.
1163 1264 1279 1329 Oui
1328 1276 1792 1330 consentaneum
1840 1265 2097 1347 videtur,
2151 1270 2311 1355 quod
2370 1272 2669 1358 aliquibus
2727 1272 3021 1339 Ibernicis
3076 1275 3271 1361 poetis

877 1357 920 1386 “
941 1349 1270 1416 Muicinis”
1300 1353 1364 1418 id
1394 1360 1485 1418 est
1529 1353 1728 1418 insula
1755 1354 1930 1420 suilla
1978 1355 2227 1436 dicatur,
2259 1358 2420 1443 quod
2449 1360 2659 1447 procul
2686 1359 3109 1446 navigantibus
3138 1384 3271 1462 spe-

873 1439 1022 1504 ciem
1053 1439 1178 1504 suis
1184 1441 1468 1591 l{instantis
1511 1440 1896 1527 spectandam
1942 1443 2251 1508 ostendere
2290 1445 2578 1512 videatur.
2670 1446 2810 1520 Quo
2840 1449 2907 1512 fit
2936 1455 3006 1513 ut
3033 1448 3270 1535 longior

795 1553 804 1562 ·
871 1526 948 1591 sit
979 1547 1153 1611 quam
1242 1527 1380 1593 tior.

1890 1914 2071 1979 CAP.
2124 1913 2238 1978 IV.

1675 2080 1764 2135 De
1791 2080 2026 2135 Iberniae
2052 2080 2457 2154 Magnitudine.

737 2251 846 2319 [5.]
878 2240 905 2320 ΙΙ
935 2237 1182 2301 Aemus
1234 2240 1325 2300 est
1370 2234 1528 2299 inter
1585 2239 1855 2299 auctores
1886 2231 1961 2298 de
2005 2234 2133 2320 ejus
2189 2231 2604 2318 magnitudine
2660 2236 2978 2297 certamen.
3066 2232 3163 2300 De
3191 2257 3262 2300 ea

869 2323 1119 2409 loquens
1148 2321 1462 2388 Cornelius
1489 2321 1732 2387 Tacitus
1778 2326 1820 2355 “
1842 2321 2110 2407 spacium
2140 2321 2269 2407 ejus
2305 2320 2549 2406 (inquit)
2584 2321 2635 2384 si
2663 2319 2991 2384 Britannias
3020 2341 3258 2406 compa-

843 2421 1051 2490 ,retur,
1103 2410 1439 2496 angustiae,
1489 2409 1682 2474 nostri
1727 2409 1907 2472 maris
1955 2407 2183 2472 insulas
2232 2407 2535 2494 superat.”
2627 2405 2807 2471 Hanc
2856 2407 3259 2492 conjecturam

864 2505 1105 2564 secutus
1160 2495 1498 2561 Gulielmus
1547 2494 1981 2560 Neubricencis
2029 2495 2269 2580 Anglus
2319 2495 2403 2559 ait
2449 2499 2491 2529 “
2506 2493 2622 2559 Est
2650 2497 2851 2558 autem
2879 2492 3140 2574 Ibernia,
3184 2501 3258 2560 ut

863 2585 1221 2670 accepimus,
1265 2585 1424 2648 inter
1473 2582 1699 2648 insulas
1751 2580 2036 2647 secundae
2088 2605 2124 2646 a
2152 2581 2373 2668 Majori
2422 2581 2739 2645 Britannia
2777 2581 3255 2666 magnitudinis”

861 2672 1059 2737 Caesar
1087 2671 1422 2756 Imperator
1449 2669 1516 2735 in
1544 2669 1985 2735 commentariis
2012 2691 2213 2734 rerum
2242 2691 2279 2733 a
2308 2691 2371 2733 se
2391 2675 2697 2754 gestarum
2716 2667 2801 2732 ita
2821 2667 3003 2732 refert
3032 2667 3255 2734 “Iber-

859 2760 962 2824 nia
1013 2759 1262 2824 dimidio
1314 2759 1528 2837 minor,
1579 2763 1649 2821 ut
1695 2756 2089 2836 existimatur,
2179 2777 2318 2821 uam
2369 2754 2702 2833 Britannia,
2756 2754 2859 2819 sed
2904 2755 3031 2839 pari
3060 2757 3255 2841 spatio

858 2848 1260 2924 transmissuS,
1313 2852 1492 2930 atque
1543 2867 1616 2908 ex
1669 2843 1867 2909 Gallia
1909 2848 2001 2908 est
2045 2843 2111 2909 in
2210 2841 2569 2908 ritanniam”
2620 2841 2845 2907 Contra
2888 2841 3128 2906 solinus
3180 2843 3255 2908 de

859 2932 1172 2999 Britannia
1202 2933 1425 2999 faciens
1453 2931 1636 2997 verba
1665 2937 1707 2966 “
1725 2930 1974 2996 multis''
2008 2935 2051 2965 “
2066 2930 2306 3016 inquit”
2338 2929 2571 3008 insulis,
2601 2951 2713 2993 nec
2739 2927 3106 3012 ignobilibus
3137 2931 3248 2995 cir-

859 3020 1193 3098 cumdatur,
1225 3041 1476 3104 quarum
1508 3018 1768 3083 Iuverna
1796 3019 1853 3083 ei
1880 3017 2177 3103 proximat
2204 3015 2679 3102 magnitudine.”
2766 3013 3147 3081 cambrensis
3188 3025 3253 3081 et

860 3107 1277 3171 Stanihurstus
1326 3105 1546 3170 Oaesari
1591 3105 2019 3182 assentiuntur,
2078 3110 2361 3190 putantes
2404 3102 2781 3169 Britanniam
2830 3123 2958 3167 esse
3009 3102 3253 3168 Ibernia

858 3192 1044 3277 duplo
1073 3193 1376 3280 majorem.
1464 3191 1601 3276 Ego
1631 3213 1770 3256 vero
1799 3190 1905 3275 qui
1934 3189 2009 3255 de
2044 3189 2157 3255 hac
2198 3213 2263 3254 re
2307 3190 2578 3254 homines
2629 3189 2942 3274 utriusque
2986 3190 3249 3276 regionis

857 3279 1246 3365 peritissimos
1275 3277 1570 3356 consului,
1602 3276 1676 3342 ab
1704 3276 1827 3342 illis
1855 3276 2134 3356 dissideo,
2180 3282 2451 3342 statuens
2502 3275 2806 3341 Iberniam
2834 3277 3249 3362 magnitudine

855 3373 1140 3453 proestare
1185 3365 1425 3450 utrique
1474 3387 1660 3450 regno
1708 3363 1947 3450 Angliae
1991 3371 2051 3428 et
2081 3363 2335 3428 Scotiae:
2382 3363 2695 3428 Britannia
2722 3369 2923 3427 tamen
2952 3385 3087 3447 quae
3112 3386 3245 3450 reg-

853 3475 1003 3518 num
1052 3459 1373 3538 utrumque
1420 3451 1680 3516 Scotiam
1731 3459 1791 3516 et
1842 3453 1941 3515 An
1984 3451 2126 3515 liam
2170 3450 2456 3530 continet,
2500 3451 2791 3515 minorem
2832 3449 3091 3534 quidem,
3122 3474 3247 3516 non

854 3546 1056 3605 tamen
1085 3538 1334 3604 dimidio
1361 3539 1650 3603 minorem
1687 3559 1835 3603 ωδε.
1928 3473 2110 3608 guod
2138 3537 2224 3603 ita
2251 3539 2554 3602 confirmn.
2643 3537 2955 3602 Britannia
2984 3536 3245 3603 Scotiam

853 3634 916 3692 et
944 3625 1229 3713 Angliam
1280 3624 1787 3712 comprehendens
1837 3623 2102 3690 millibus
2146 3647 2431 3711 passuum
2466 3623 2736 3710 Anglicis
2782 3624 3144 3711 octingentis
3178 3626 3245 3690 in

849 3714 1292 3801 longitudinem
1321 3715 1476 3779 etin
1503 3712 1885 3778 latitudinem
1928 3712 2160 3778 circiter
2210 3711 2501 3791 ducentis,
2546 3709 2904 3777 Cambrense
2946 3717 3119 3791 teste,
3147 3712 3245 3776 vel

851 3801 980 3868 aliis
1010 3801 1383 3881 authoribus,
1413 3801 1480 3865 in
1507 3800 1905 3878 latitudinem,
1942 3800 2225 3864 trecentis
2268 3799 2609 3884 porrigitur.
2698 3796 2942 3863 Ibernia
2994 3820 3132 3864 vero
3175 3799 3241 3863 in

848 3889 1290 3989 longitudinem
1367 3894 1791 3988 trecentorum,
1852 3894 1913 3952 et
1962 3887 2219 3988 triginta
2262 3885 2449 3950 millia
2486 3974 2498 3987 ο
2538 3907 2779 3950 assuum
2826 3884 3241 3950 Ibernicorum

847 3973 2904 4146 ffifffflsssnffssssaffnzffisszssffissffffzrfflsssszi?23313325531,
2936 3970 3241 4124 {330332

846 4151 1028 4214 etiam
1059 4147 1459 4214 Stanihursto.
1587 4169 1682 4212 am
1711 4168 1903 4211 unum
1932 4085 2276 4213 milgiiarium
2305 4147 2651 4212 Ibernicum
2682 4147 2802 4210 duo
2832 4147 2953 4212 fere
2981 4146 3241 4234 Anglica

845 4244 908 4303 et
937 4235 1152 4302 Italica
1179 4233 1396 4300 reddit.
1456 4233 1640 4300 Unde
1659 4233 1966 4298 Iberniam
2008 4234 2073 4299 in
2102 4234 2563 4320 longitudinem,
2596 4233 2924 4299 sexcenties
2950 4255 3235 4318 passuum

844 4324 1258 4410 Anglicorum,
1307 4327 1370 4386 et
1412 4320 1761 4386 Italicorum
1805 4321 1976 4386 tendi
2023 4321 2252 4406 liquido
2304 4328 2561 4387 constat.
2680 4320 2819 4386 Hoc
2868 4321 3238 4406 apertissime

844 4411 1080 4477 censuit
1107 4411 1311 4475 Julius
1339 4408 1640 4494 Agricola,
1691 4407 1796 4493 qui
1846 4407 1963 4473 fuit
2012 4407 2419 4474 Romanorum
2465 4408 2782 4494 praefectus
2809 4407 2875 4472 in
2902 4407 3235 4487 Britannia,

842 4498 1084 4564 tradens
1112 4495 1486 4562 Britanniam
1517 4518 1642 4562 esse
1671 4495 1837 4560 mille
1864 4495 2138 4581 passibus
2181 4496 2343 4561 octin
2388 4495 2575 4560 enties
2617 4495 2717 4559 lon
2860 4543 2881 4574 ,
2914 4500 2977 4560 et
3002 4501 3235 4561 trecen-

841 4586 957 4651 ties
1000 4583 1203 4663 latam,
1270 4583 1655 4670 eamdemque
1701 4605 1831 4648 esse
1882 4582 2137 4649 Iberniae
2181 4582 2361 4647 latitu
2406 4582 2580 4660 nem,
2640 4604 2703 4647 se
2793 4581 3235 4666 longitudinem

842 4671 1120 4738 ducentis
1163 4669 1428 4738 millibus
1471 4693 1756 4758 passuum
1799 4671 2134 4750 minorem;
2180 4669 2351 4755 cujus
2388 4691 2425 4733 o
2466 4668 2729 4734 inionem
2770 4669 3069 4734 memoriae
3096 4691 3235 4770 pro·

843 4759 996 4825 didit
1023 4757 1256 4824 Plinius
1286 4757 1597 4826 Secundus
1617 4757 1804 4823 Libro
1834 4766 2045 4845 quarto
2073 4755 2382 4823 Naturalis
2424 4690 2713 4822 {Iistorioe
2740 4756 2951 4842 Capite
2979 4755 3232 4822 Decimo

842 4847 1042 4912 Sexto·
