3634 5842
975 701 1104 796 324
1381 699 1796 768 o'sunmvsm
1832 723 2158 770 ,meream
2202 723 2586 785 cunonem,
2630 727 2777 772 rou.
2810 727 2898 772 ιν.
3086 709 3249 792 [un.
3288 731 3355 773 11.
3526 742 3529 924 w

975 864 1246 935 regiones,
1271 865 1326 950 in
1351 866 1545 936 quibus
1573 867 1907 931 Christiane,
1934 876 1991 921 et
2020 868 2309 924 catholice
2324 872 2623 926 secundum
2647 871 2754 926 Dei
2780 873 2927 945 leges
3092 891 3127 928 e
3144 873 3355 944 possim,

973 935 1351 1060 lt’iecfflperiiddiue
1387 945 1522 990 nota
1553 938 1760 1024 inurer.
1841 939 2217 1064 Qubtiqgemi
2257 941 2517 1025 beneficio
2554 944 2808 1008 donatus,
2834 945 2981 1030 omni
3017 963 3087 998 us
3113 944 3271 998 bonis
3289 945 3346 1028 li-

973 1019 1845 1164 teenanltelqgroffmtiniinffggmmtillii
1866 1020 2468 1147 grabisrbznpgraeffi
2490 1015 3347 1158 ιιιιῗωιίἷιθὶι)ἴο(ι>ιιιιιιιωέιι“ι8ειξοιιιιιι.ΙΞ

971 1165 1098 1202 rex:
1139 1157 1287 1202 “sur
1327 1167 1356 1203 e
1399 1151 1648 1222 (inquit),
1684 1152 1839 1216 baro,
1880 1154 2149 1224 finemque
2203 1153 2293 1207 fac
2340 1156 2591 1210 orandi.”
2660 1157 2791 1229 Ego
2850 1176 2960 1212 non
2996 1167 3119 1212 tam
3170 1159 3239 1211 de
3280 1166 3345 1220 te,

971 1237 1134 1303 quam
1159 1220 1227 1273 de
1250 1239 1285 1274 a
1307 1223 1373 1274 iis
1398 1239 1618 1292 queror,
1641 1224 1744 1277 etsi
1770 1225 1838 1278 de
1865 1231 1919 1278 te
1942 1225 2103 1279 multi
2176 1243 2363 1310 noque
2390 1236 2614 1299 questus
2638 1227 2710 1282 ad
2748 1245 2835 1282 me
2858 1236 2986 1283 sunt
3008 1229 3239 1302 perlati,
3260 1231 3343 1283 sed

971 1291 1165 1360 quibus
1189 1298 1255 1345 ιιι
1277 1291 1440 1346 fidem
1464 1293 1696 1349 habeam
1719 1295 1810 1348 vix
1834 1311 2055 1366 possum
2080 1295 2152 1350 ad
2190 1315 2297 1350 uci.

1051 1409 1286 1475 Deinde
1311 1409 1606 1496 inceptam
1633 1411 1958 1476 orationem
1989 1412 2365 1498 prosequitur
2393 1435 2530 1478 rex:

1041 1515 1153 1569 Sed
1212 1523 1276 1569 ut
1325 1517 1446 1587 jam
1505 1515 1570 1570 de
1629 1515 1860 1587 perfidia
1916 1523 2145 1580 taceam,
2206 1516 2594 1573 intollerabile:
2654 1519 2803 1581 estis,
2865 1519 3075 1581 Iberni,
3143 1519 3237 1592 qni
3292 1520 3337 1571 in

963 1593 1120 1640 tanto
1165 1587 1374 1642 honore
1423 1595 1480 1641 et
1519 1587 1674 1642 cultu
1715 1588 1925 1658 Papam
1960 1587 2191 1652 habetis,
2230 1589 2285 1642 in
2334 1607 2506 1673 eoque
2548 1597 2741 1646 vestre.-
2788 1590 2981 1645 salutis
3022 1591 3337 1662 prasidium

959 1657 1198 1728 positum
1259 1659 1603 1713 existimatis.
1701 1658 1839 1722 Quae
1898 1665 2082 1730 potest
2137 1659 2438 1732 excogitari
2500 1662 2668 1726 ratio,
2728 1679 2896 1732 quare
2954 1663 3171 1734 putetis
3234 1663 3339 1715 ani·

961 1747 1176 1784 marum
1212 1729 1501 1801 imperium
1543 1747 1660 1784 esse
1702 1729 1889 1801 Papae,
1938 1731 2025 1784 vel
2084 1731 2337 1802 episeopo
2386 1731 2660 1796 Romano,
2720 1751 2754 1787 a
2813 1732 2935 1787 Deo
2994 1733 3335 1804 permissum.

962 1801 1092 1872 Ego
1124 1803 1278 1872 juro,
1319 1809 1376 1856 et
1418 1801 1602 1856 Deum
1641 1801 1909 1864 obtestor,
1952 1801 1996 1855 si
2036 1801 2218 1857 studio
2261 1821 2382 1856 meo
2407 1821 2638 1867 summo,
2664 1803 2708 1858 si
2732 1805 3050 1875 quotidiana
3072 1804 3333 1858 librorum

961 1872 1213 1936 lectione,
1272 1874 1320 1927 si
1375 1872 1650 1944 frequenti
1711 1872 2099 1944 disputatione,
2159 1881 2215 1927 et
2274 1875 2543 1945 colloquio
2616 1893 2741 1929 cum
2800 1876 2930 1929 viris
2993 1875 3335 1936 doctissimis,

963 1944 1009 1997 si
1032 1945 1398 1999 intentissima
1419 1945 1617 1997 mentis
1639 1945 1978 2016 cogitatione
2000 1946 2425 2016 comperissem,fl
2453 1947 2655 2017 Papam
2682 1963 2797 2000 esse
2824 1947 3030 2002 Christi
3050 1946 3333 2001 Vicarium

758 1995 940 2063 [²5¹3
961 2015 1018 2068 in
1043 2017 1226 2079 terris,
1243 2017 1450 2086 illique,
1461 2023 1518 2070 et
1531 2014 1651 2084 ejus
1665 2016 2099 2070 antecessoribus
2122 2017 2445 2087 promissam
2460 2035 2576 2072 esse
2590 2017 2975 2072 auctoritatem
2991 2017 3169 2080 illam,
3182 2035 3329 2089 quam

964 2087 1221 2144 Christus
1247 2087 1420 2141 Petro
1445 2086 1734 2156 delegavit,
1760 2104 1849 2140 me
1872 2104 1983 2140 non
2006 2087 2183 2142 solum
2199 2081 2365 2142 fuisse
2384 2088 2504 2158 ejus
2526 2089 2629 2142 reli
2672 2089 2864 2153 ’onem,
2886 2096 3053 2160 atque
3078 2090 3331 2160 dogmata

959 2166 1292 2220 secuturum,
1317 2159 1414 2211 sed
1438 2157 1604 2211 etiam
1626 2174 1833 2240 regem,
1861 2159 1933 2225 (si
1958 2157 2191 2227 alicujus
2218 2159 2383 2213 cliens
2410 2164 2609 2231 essem)
2690 2159 2929 2230 apistieae
2951 2160 3215 2232 religioni
3246 2159 3327 2213 ad-

957 2247 1174 2284 versum
1196 2227 1621 2283 interfecturum
1664 2244 1710 2280 si
1753 2246 1788 2281 a
1831 2227 1988 2297 Papa
2016 2228 2264 2297 juberer.
2344 2229 2619 2286 Caeterum
2643 2239 2861 2286 tantum
2898 2231 3069 2294 abest,
3098 2241 3167 2284 ut
3190 2231 3329 2300 Papa

953 2302 1132 2354 valeat
1157 2300 1485 2355 auctoritate
1529 2297 1701 2352 Petro
1727 2297 2075 2362 demandata,
2100 2307 2165 2352 ut
2188 2299 2389 2354 habeat
2405 2301 2500 2371 jus
2525 2302 2849 2374 imperandi,
2875 2303 2962 2355 vel
3020 2301 3327 2386 reeipiendi

949 2370 1192 2443 regibus,
1218 2379 1284 2425 ιιι
1306 2370 1460 2424 nulla
1497 2369 1570 2424 sit
1609 2369 1788 2438 major
1830 2369 2066 2434 inscitia,
2108 2378 2165 2425 et
2205 2372 2496 2436 stoliditas,
2541 2391 2704 2445 quam
2745 2380 2949 2436 vestra,
3026 2374 3207 2435 berni,
3244 2371 3323 2442 qui

953 2443 1250 2514 imperium
1291 2442 1395 2496 hoo
1436 2441 1602 2510 Papo
1647 2440 1913 2494 divinitus
1956 2459 2271 2497 concessum
2296 2443 2539 2499 creditis.
2621 2445 2756 2509 Qun
2780 2452 2955 2507 tanta,
2978 2451 3205 2516 tamque
3236 2444 3323 2496 im-

955 2515 1128 2569 manis
1177 2513 1411 2577 caecitas,
1476 2511 1628 2567 nullo
1671 2512 1853 2566 valido
1916 2511 2272 2568 fundamento
2326 2513 2474 2569 fulta
2529 2534 2596 2568 ex
2644 2534 2709 2571 ea
2755 2516 3127 2571 obstinatione
3208 2515 3321 2568 rofi-

954 2584 1198 2650 ciscitur,
1223 2584 1372 2657 quod
1413 2600 1513 2638 nec
1551 2583 1972 2638 concionatores
2013 2602 2180 2648 meos,
2215 2585 2362 2640 viros
2405 2586 2674 2651 doctrina,
2715 2595 2772 2640 et
2819 2587 3117 2641 sanctitate
3142 2605 3173 2640 c
3252 2603 3321 2647 os,

956 2659 1050 2728 qui
1087 2676 1121 2712 a
1157 2657 1310 2713 vobis
1349 2655 1674 2728 ignorantie
1713 2655 1973 2709 tenebras
2015 2663 2355 2722 excuterent,
2398 2659 2608 2721 audire,
2642 2675 2743 2713 nec
2768 2658 2958 2722 libros,
2985 2658 3185 2730 quibus
3208 2675 3323 2710 vera

957 2731 1218 2799 dogmata
1239 2728 1461 2800 prodita
1483 2734 1631 2789 sunt,
1667 2725 1874 2798 legere,
1913 2745 2013 2781 nec
2056 2727 2339 2799 capellam,
2382 2737 2439 2783 et
2464 2730 2716 2784 eeclesias
2741 2746 2887 2784 meas
2910 2729 3127 2800 ingredi
3152 2729 3321 2788 vultis,

952 2801 1392 2872 obtemperantes
1407 2799 1456 2852 ei
1476 2797 1790 2852 Tridentini
1809 2799 2023 2852 concilii
2045 2799 2227 2870 capiti,
2246 2801 2394 2871 quod
2405 2801 2490 2864 iis,
2510 2801 2603 2872 qui
2627 2802 2818 2872 legunt
2840 2799 3010 2854 libros
3034 2801 3229 2861 editos,
3247 2799 3323 2853 vel

955 2873 1266 2928 auscultant
1290 2870 1575 2925 conciones
1598 2868 1810 2923 habitas
1844 2877 2037 2924 contra
2058 2871 2338 2925 ecclesiam
2370 2871 2696 2935 Romanam,
2720 2873 3321 2926 excommunicationem

955 2945 1167 2998 frustra
1205 2945 1478 2997 minatur:
1519 2958 1644 2994 cum
1681 2948 1867 2995 tamen
1908 2940 2161 2995 ecclesias
2198 2959 2343 2997 meas
2387 2942 2754 3014 frequentare,
2778 2952 2835 2997 et
2870 2943 3057 2997 officiis
3080 2942 3249 2996 sacris
3271 2942 3319 2993 in

955 3017 1032 3070 eis
1056 3016 1289 3069 interese
1311 3012 1532 3067 minime
1557 3011 1923 3084 dedignentur
1948 3011 2100 3076 Itali,
2128 3012 2410 3077 Germani,
2436 3013 2639 3086 Belgae,
2659 3015 2858 3085 aliique
2874 3013 3103 3068 externi.
3186 3011 3320 3075 Quid

953 3104 1085 3142 vero
1107 3085 1318 3146 rudius,
1343 3091 1400 3137 et
1423 3083 1730 3146 absurdius,
1791 3101 1916 3136 uam
1942 3084 2012 3138 ad
2035 3091 2251 3138 sanctos
2266 3085 2544 3140 effundere
2558 3102 2765 3156 preces,
2780 3103 2917 3156 quos
2931 3093 3122 3139 nostra
3134 3083 3318 3154 religio

951 3159 1005 3211 in
1024 3156 1256 3211 Litaniis
1271 3163 1488 3208 tantum
1499 3101 1980 3209 nominandosesse
1992 3155 2127 3208 scite
2144 3157 2318 3210 tradit
2331 3163 2355 3209 ἰ’
2384 3155 2493 3219 Qui
2514 3157 2655 3210 enim
2671 3157 2854 3212 Deum
2866 3156 3071 3227 alloqui
3082 3162 3319 3227 possunt,

953 3227 1025 3283 ad
1049 3227 1168 3297 ejus
1193 3227 1494 3288 ministros,
1519 3232 1576 3280 et
1623 3242 1809 3279 servos
1834 3227 2220 3296 supervacanei
2245 3227 2413 3281 verba
2433 3227 2710 3283 effutiunt.
2786 3227 3003 3291 Quibus
3026 3226 3318 3287 erroribus,

953 3297 1161 3360 Iberni,
1203 3298 1324 3368 plus
1367 3296 1618 3350 omnibus
1657 3295 1971 3350 nationibus
2012 3296 2282 3368 impliciti,
2324 3298 2535 3352 nullum
2569 3317 2680 3353 non
2718 3299 2946 3354 movetis
2986 3298 3239 3370 lapidem,
3264 3305 3319 3349 ιιι

949 3387 1038 3424 me
1061 3369 1370 3432 offendatis,
1384 3385 1611 3438 meaque
1633 3385 1806 3440 regna
1827 3367 2179 3437 perturbetis.
2222 3368 2457 3424 Habetis
2474 3370 2667 3426 Rome
2685 3371 2915 3424 Petrum
2931 3369 3319 3428 Lombardum,

950 3459 1111 3514 quem
1134 3441 1341 3495 vocatis
1359 3439 1688 3511 episcopum,
1713 3446 1770 3493 et
1808 3439 2109 3502 doctorem,
2134 3447 2191 3494 et
2213 3440 2269 3494 in
2295 3439 2517 3494 Ibernia
2540 3440 2885 3495 Holivudum
2916 3439 3211 3504 Jesuitam,
3234 3438 3317 3510 qui

948 3513 1101 3568 vobis
1127 3511 1473 3584 persuadent,
1497 3517 1560 3564 ut
1595 3509 1734 3564 filios
1769 3519 1986 3564 vestros
2023 3511 2079 3563 in
2118 3509 2485 3566 transmarina
2521 3511 2753 3596 collegia
2792 3511 3123 3577 educandos,
3164 3519 3317 3580 atque

947 3585 1150 3639 litteris
1175 3583 1497 3638 excolendos
1535 3581 1941 3645 transmittatis,
1965 3589 2031 3636 ut
2054 3581 2179 3636 inde
2202 3599 2393 3637 rursus
2417 3584 2736 3655 agminatim
2759 3582 3071 3645 redeuntes,
3096 3598 3315 3654 regnum

945 3657 1260 3710 universum
1298 3653 1369 3708 ad
1409 3659 1591 3708 motus
1633 3653 1929 3720 concitent,
1972 3670 2067 3707 vos
2108 3653 2163 3706 in
2201 3654 2435 3725 pristina
2476 3654 2839 3709 obstinatione
2877 3653 3218 3718 confirment,
3254 3651 3316 3704 ad

945 3745 1112 3781 novas
1133 3725 1580 3812 conspirationes,
1605 3732 1771 3808 atque
1805 3723 2127 3808 rebelliones
2164 3723 2473 3848 hostentur,
2498 3743 2725 3790 summa,
2750 3733 2805 3809 et
2828 3725 2943 3808 ima
2959 3724 3317 3806 promiseeant

943 3797 1392 3940 ffssssffiffizffi
1417 3796 2017 3937 mssfffsssssffim
2038 3794 2243 3937 0,,ξέἙο
2259 3813 2402 3935 532?ss
2408 3804 2721 3933 33:112}ssss
2731 3797 3069 3939 <13:¹²3ssss
3090 3796 3315 3920 3533?

941 3946 1130 4004 tatem,
1156 3947 1214 3994 et
1236 3938 1604 4000 atrocitatem,
1631 3955 1792 4008 quam
1816 3938 1875 3990 in
1912 3937 2031 3991 aliis
2056 3936 2389 4008 principibus
2412 3955 2623 4022 semper
2646 3937 3018 3998 condemnavi,
3042 3953 3313 4009 nunquam

939 4011 998 4064 in
1019 4029 1108 4064 me
1132 4027 1354 4082 possum
1377 4009 1631 4081 probare,
1673 4025 1774 4062 nec
1811 4007 2072 4064 clientum
2098 4008 2414 4079 sanguinem
2450 4009 2597 4076 sitio,
2622 4010 2719 4063 sed
2742 4027 2951 4081 pacem,
2976 4016 3143 4080 atque
3164 4025 3311 4080 pros-

1039 4083 1228 4137 ‘tatem
1252 4080 1430 4152 cupio,
1456 4079 1586 4133 duxi
1629 4095 1726 4132 vos
1767 4079 2139 4142 accersendos,
2174 4087 2231 4133 et
2264 4081 2579 4143 monendos,
2616 4087 2853 4134 vestram
2878 4080 3113 4150 culpam,
3138 4086 3311 4133 vestra

939 4153 1158 4220 delicta,
1202 4152 1636 4220 Ibernorumque
1677 4150 1939 4213 omnium,
1978 4167 2265 4220 meumque
2304 4149 2663 4205 deliberatum
2702 4152 2940 4205 animum
2966 4151 3121 4227 vob‘is
3142 4149 3309 4222 aperi-

937 4225 1158 4288 endum,
1181 4240 1289 4295 quo
1315 4223 1544 4293 impero,
1567 4229 1632 4274 ut
1675 4237 1861 4274 omnes
1908 4219 2093 4274 Iberni
2132 4221 2447 4285 observetis,
2472 4229 2635 4293 atque
2660 4221 2980 4276 custodiatis
3003 4222 3153 4294 leges
3174 4239 3305 4275 anno

935 4295 1171 4351 secundo
1215 4296 1408 4363 (1559)
1449 4291 1606 4366 regni
1639 4291 1977 4346 Elizabethae
2000 4293 2057 4344 in
2083 4293 2289 4363 Anglia
2310 4293 2465 4358 latas,
2488 4302 2837 4365 ceterasque,
2863 4311 2980 4364 que
3004 4290 3307 4346 necessarie

933 4367 1223 4420 videantur
1247 4365 1318 4420 ad
1343 4363 1676 4435 Papisticam
1699 4363 2019 4446 religionem
2044 4363 2440 4434 extirpandum,
2463 4382 2625 4435 quam
2642 4365 2903 4422 hactenus
2927 4363 3056 4416 estis
3080 4363 3307 4434 pertina-

933 4437 1070 4491 citer
1163 4435 1340 4499 ofessi,
1363 4453 1450 4489 me
1471 4434 1680 4488 frustra
1719 4441 2008 4499 renitente,
2033 4441 2087 4488 et
2130 4435 2342 4490 easdem
2367 4435 2641 4506 recipiatis
2664 4436 2720 4488 in
2744 4436 3101 4507 pulmento,
3124 4434 3181 4488 in
3203 4451 3305 4504 quo

929 4523 1084 4562 meus
1180 4526 1280 4562 nus
1316 4523 1537 4578 prorex,
1555 4505 1648 4577 qui
1673 4505 1845 4568 adest,
1872 4512 1926 4559 et
1952 4506 2019 4560 de
2058 4523 2164 4576 quo
2208 4505 2345 4560 salso
2372 4506 2500 4560 estis
2524 4507 2719 4577 questi,
2745 4506 2943 4579 aliique
2970 4523 3005 4559 a
3027 4523 3114 4560 me
3137 4505 3303 4575 desig·

933 4579 1116 4642 nandi,
1139 4579 1377 4650 presint.

1017 4683 1142 4748 Hie
1169 4682 1634 4769 christophorus
1665 4681 2034 4768 Nugentius,
2066 4680 2325 4747 Ibernus
2353 4704 2531 4767 eques
2561 4687 2836 4748 auratus:

999 4801 1313 4874 Nunquam,
1339 4800 1514 4871 inquit
1540 4798 1869 4867 charissime,
1884 4808 1940 4853 et
1957 4799 2328 4872 potentissime
2344 4817 2461 4864 rex,
2474 4808 2839 4856 antecessores
2864 4799 2947 4855 tui
2974 4799 3299 4874 subegerunt
