3634 5842
882 736 1006 802 188
1304 735 1724 800 o’sunnnvmr
1767 753 2083 800 ius-rom
2126 753 2512 814 cunonem,
2542 753 2694 800 ron.
2741 753 2848 798 111.
2984 733 3122 818 [un
3170 749 3293 794 nr..

872 929 1027 992 equo
1055 907 1236 985 labat,
1267 909 1438 993 cujus
1468 908 1642 973 etiam
1691 907 2010 992 equitatus,
2042 913 2104 972 et
2144 907 2445 994 peditatus
2496 914 2666 994 terga
2693 905 2889 972 vertit.
3098 904 3277 968 uitur

873 993 915 1058 J
915 994 1110 1060 aimus
1138 1017 1244 1080 per
1272 996 1389 1058 tria
1425 995 1660 1060 circiter
1706 993 1893 1060 millia
1942 1016 2131 1079 usque
2168 993 2245 1060 ad
2290 1017 2502 1074 arcem,
2536 1017 2643 1080 per
2670 992 2833 1081 quod
2860 992 3055 1056 interv
3133 1011 3264 1068 um,

871 1080 1069 1165 regiis,
1113 1089 1186 1146 ut
1236 1081 1488 1166 quisque
1533 1081 1572 1145 a
1614 1080 1937 1147 Catholicis
1987 1102 2167 1146 cursu
2214 1081 2621 1166 superabatur,
2669 1079 2898 1158 occisis,
2940 1079 3042 1144 vix
3082 1076 3271 1142 cladis

872 1167 1080 1232 nuncii
1125 1168 1482 1254 effugerunt.
1570 1167 1869 1234 Barnabal
1920 1167 2063 1233 baro
2110 1190 2249 1233 eum
2300 1167 2744 1234 Midbiensibus
2801 1165 2987 1252 copiis
3035 1162 3267 1248 Anglo-

876 1252 1131 1334 Ibernis,
1193 1261 1254 1320 et
1312 1255 1542 1342 aliquot
1589 1255 1806 1342 Anglis
1866 1253 2212 1320 cohortibus
2282 1255 2575 1320 Auriliam
2648 1255 2960 1322 devastans
3030 1252 3071 1316 a
3122 1250 3269 1316 Mae

875 1339 1182 1427 Magauno
1210 1341 1458 1408 Auriliae
1485 1343 1753 1428 principe
1780 1341 2073 1419 funditur,
2108 1348 2166 1406 et
2196 1341 2456 1428 fugatur.

2448 1633 2565 1640 ——u—

1898 1834 2099 1900 CAP-
2125 1831 2255 1900 ΙΙΙ.

883 2007 1238 2062 Portmorem
1264 2023 1445 2062 arcem
1475 2003 1762 2070 O'Nellus,
1807 2013 1864 2060 et
1919 2003 2259 2090 OID⁰¹¹5¹¹J¹³
2298 2003 2511 2088 frustra
2540 2007 2877 2126 oppugnant.
2955 1996 3271 2051 Bernartius

1416 2076 1685 2133 O'Morra
1707 2095 1832 2130 curn
1857 2093 2023 2148 regns
2046 2075 2295 2129 faehciter
2319 2092 2475 2146 signa
2498 2091 2601 2127 con
2625 2081 2729 2127 ert.

885 2269 1227 2336 O’NnLLus
1273 2268 1513 2354 quando
1559 2268 1800 2354 quidem
1842 2269 2061 2334 frustra
2110 2275 2357 2334 conatus
2404 2275 2495 2334 cst
2542 2267 2895 2334 Ardmacbae
2937 2266 3275 2353 praesidium

887 2362 1220 2422 commeatu
1246 2355 1660 2435 intercludere,
1687 2355 2060 2420 Portmorem
2091 2355 2299 2421 saltem
2356 2355 2795 2420 munimentum
2824 2354 2941 2420 cibi
2968 2354 3170 2440 inopia
3208 2353 3276 2417 in

889 2465 1058 2509 suam
1085 2449 1443 2527 potestatem
1491 2443 1756 2528 redigere
1801 2441 2111 2507 moliturt*
2196 2441 2378 2513 Quod
2424 2442 2721 2508 obsidenti
2751 2441 3141 2520 O'DonelluS,
3172 2439 3278 2524 qui

888 2531 1056 2596 venit
1083 2530 1302 2596 auxilio
1329 2531 1641 2616 persuasit,
1672 2536 1745 2593 ut
1794 2551 2135 2615 expugnare
2180 2535 2455 2595 tentaret.
2544 2528 2693 2615 Ejus
2737 2528 3109 2594 altitudinem
3138 2549 3278 2592 con-

885 2618 1118 2704 jectura
1163 2616 1434 2695 dimensi,
1487 2616 1670 2682 scalas
1717 2637 1854 2703 quae
1905 2618 2120 2702 quinos
2168 2616 2440 2681 homines
2498 2615 2889 2702 amplitudine
2946 2613 3274 2701 capiebant.

891 2705 1141 2783 faciunt,
1193 2705 1598 2790 perfectasque
1643 2703 2012 2770 munimento
2063 2704 2360 2790 incipiunt
2405 2703 2736 2768 admovere.
2851 2701 2975 2768 Eos
3017 2723 3279 2787 propug-

893 2797 1129 2857 natores
1199 2793 1460 2876 primum
1517 2791 1736 2856 crebris
1792 2797 2227 2856 tormentorum
2298 2789 2519 2856 ictibus
2590 2812 2787 2856 arcere
2856 2790 3158 2867 festimnt,
3214 2793 3281 2851 et

894 2878 1439 2965 appropinquantes
1467 2877 1862 2944 bombardicis
1890 2877 2113 2964 pillulis
2141 2878 2519 2963 impugnant,
2550 2876 2623 2942 ab
2653 2877 2726 2941 iis
2753 2876 3011 2940 vicissim
3038 2876 3276 2960 impug-

895 2967 1040 3030 nati.
1131 2967 1275 3030 Arci
1317 2966 1487 3030 scalae
1516 2964 1906 3052 applicantur.
1994 2963 2289 3030 Caeterum
2320 2969 2788 3050 propugnatores
2818 2963 2923 3048 qui
2952 2962 3279 3026 didicerant

897 3051 1081 3116 scalas
1109 3052 1173 3116 in
1204 3074 1266 3116 se
1293 3052 1586 3130 aedificari,
1615 3053 1835 3117 fossam
1866 3071 1999 3136 quae
2030 3052 2466 3116 munimentum
2494 3049 2913 3126 circumdabat,
2944 3047 3277 3113 excavando

897 3136 1343 3222 profundiorem
1371 3139 1698 3202 effecerant.
1788 3136 1887 3203 Ob
1916 3136 2080 3224 quod
2126 3137 2297 3202 scalae
2342 3135 2639 3222 pleraeque
2688 3136 2765 3201 ad
2800 3158 3084 3200 cacumen
3130 3135 3277 3200 arcis

895 3245 1022 3288 non
1049 3222 1483 3308 pertingebant.
1574 3223 1672 3288 Ita
1701 3225 1805 3308 qui
1844 3223 1921 3289 ad
1970 3245 2235 3288 summos
2285 3223 2572 3288 scalarum
2612 3223 2831 3308 gradus
2875 3227 3274 3309 pervenerant,

895 3309 1074 3374 altius
1103 3309 1414 3374 ascendere
1439 3333 1564 3375 non
1592 3310 1874 3388 valentes,
1905 3309 2314 3375 deficientibus
2351 3309 2541 3388 scalis,
2572 3332 2709 3374 cum
2738 3307 3277 3395 propugnatoribus

893 3397 1115 3461 frustra
1143 3396 1504 3482 praeliantur.
1595 3395 1748 3468 Quae
1776 3418 1917 3461 vero
1947 3396 2119 3462 scalae
2173 3395 2249 3461 ad
2280 3395 2429 3461 arcis
2458 3397 2857 3462 summitatem
2902 3394 3277 3480 pertinebant

892 3491 1018 3548 tam
1046 3505 1250 3570 paucae
1277 3484 1538 3563 fuerunt,
1569 3492 1642 3548 ut
1681 3483 1851 3548 facile
1879 3484 2054 3570 primi
2080 3504 2416 3548 ascensores
2457 3483 2636 3548 occisi
2679 3490 2840 3563 sunt,
2884 3491 3201 3567 autequam
3242 3503 3278 3545 a

895 3569 1400 3636 commilitonibus
1442 3571 1686 3635 fuerunt
1713 3571 1939 3655 adjuti:
1971 3578 2211 3636 centum
2254 3569 2469 3654 viginti
2511 3569 2786 3635 catholici
2826 3570 3177 3635 interierunt
3218 3573 3277 3632 et

892 3657 1050 3723 inter
1078 3680 1179 3722 eos
1206 3657 1458 3722 Maurus
1485 3657 1769 3723 Kevanus
1797 3657 2013 3722 nobilis
2038 3657 2360 3744 LageniuS,
2382 3663 2445 3720 et
2471 3663 2749 3722 strenuus
2776 3657 2944 3722 miles
2970 3655 3277 3742 Belgensis

893 3745 1212 3810 fortissime
1233 3767 1526 3831 pugnans.
1613 3743 1827 3810 Caeteri
1856 3744 2069 3810 defessi
2098 3744 2540 3831 oppugnatione
2561 3743 2785 3824 relicta,
2815 3743 3065 3831 pristino
3116 3761 3275 3807 more

893 3832 1334 3897 munimentum
1375 3831 1668 3897 obsident.

959 3917 1098 3984 Hoc
1114 3925 1379 4004 tempore
1397 3919 1586 3983 Huon
1609 3917 1912 3996 O’Morra,
1936 3941 2059 3982 non
2090 3917 2307 3982 dubius
2332 3939 2459 3982 esse
2489 3940 2553 3982 se
2581 3916 2960 4004 longissime„
2994 3916 3275 4002 imparem

697 3978 878 4051 [¹⁵⁰⁸]
898 4004 1122 4070 viribus
1153 4005 1412 4070 hostium
1471 4005 1837 4070 sustinendis
1892 4005 2199 4070 Ultoniam
2258 4005 2410 4090 petit
2466 4013 2741 4090 rogatum
2802 4002 3148 4081 O’Nellum,
3207 4009 3275 4064 ut

895 4092 1178 4178 Lagem'is
1205 4091 1539 4158 subsidium
1565 4091 1833 4164 mittat.†
1918 4091 2170 4156 Interim
2221 4091 2561 4158 Bernardus
2609 4091 2913 4170 O’Morra,
2965 4088 3106 4155 belli
3162 4087 3276 4153 La·

936 4181 1190 4246 eniensis
1232 4179 1796 4244 administrationem
1826 4178 2152 4264 suscipiens
2181 4199 2319 4243 cum
2346 4178 2562 4264 Anglis
2579 4185 2640 4244 et
2668 4201 2871 4244 eorum
2898 4175 3276 4243 auxiliaribus

893 4201 1471 4353 {ochgarmensibus
1541 4264 2008 4350 Anglo-Ibernis
2096 4266 2314 4350 septies
2428 4287 2662 4351 rospere
2720 4265 2983 4344 dimicat,
3042 4263 3276 4348 capiens

895 4364 1119 4440 septem
1150 4353 1380 4433 vexilla,
1413 4360 1474 4418 et
1504 4351 1963 4438 quatuordecem
1994 4361 2276 4438 tympana
2305 4353 2385 4416 mi
2412 4353 2643 4434 itaria.‡

961 4577 986 4602 ¹·
1025 4573 1178 4628 Four
1206 4573 1463 4637 Masters,
1487 4592 1542 4644 p.
1570 4577 1747 4640 2059;
1787 4574 1889 4626 but
1912 4572 2039 4643 they
2067 4571 2137 4626 do
2161 4581 2258 4625 not
2281 4572 2407 4644 give
2432 4573 2587 4626 those
2613 4573 2824 4626 details.

963 4647 992 4710 †
1035 4649 1096 4698 ln
1123 4645 1214 4698 the
1237 4663 1477 4699 summer
1503 4644 1570 4699 of
1603 4649 1736 4700 1598
1764 4643 1965 4699 O'Neil
1990 4652 2111 4697 sent
2141 4647 2277 4696 1500
2299 4651 2551 4698 veterana
2576 4653 2635 4698 to
2659 4645 2749 4698 aid
2775 4643 2867 4697 the
2896 4641 3278 4699 &Moci-es.—

890 4715 1188 4776 Lombard‚
1254 4753 1269 4768 .
1295 4720 1402 4768 402
1422 4737 1438 4781 ς
1482 4715 1620 4778 Cox,
1644 4735 1696 4786 p.
1721 4719 1845 4770 414.

961 4787 991 4854 ss
1032 4785 1212 4841 Proba
1250 4786 1301 4856 ly
1327 4785 1421 4840 the
1465 4785 1664 4840 battles
1706 4787 1979 4842 recorded
2018 4786 2087 4857 by
2134 4785 2433 4847 Lombard,
2458 4802 2509 4855 g.
2536 4787 2662 4848 406,
2688 4785 2743 4840 in
2769 4785 2942 4840 which
2971 4789 3133 4848 2000
3158 4785 3279 4841 soot
