3634 5842
925 1542 1271 1640 DOMINI
1318 1547 1748 1647 PHILIPPI
1799 1555 2413 1654 O'SULLEVANI
2493 1558 2857 1655 BEARRI
2946 1559 3313 1654 [BERM.

1707 1821 1930 1889 ΤΟΜΙ
1974 1823 2031 1889 Ι.
2074 1823 2339 1893 LIBER
2380 1823 2495 1892 IV.

2830 1944 2878 1993 ο

1293 2055 1392 2107 DE
1424 2054 1857 2110 IBERNORUM
1890 2059 2211 2115 MORIBUS
2243 2061 2492 2128 ATQUE
2526 2065 2939 2120 RELIGIONE.

1016 2263 1336 2366 Reliquum
1354 2273 1445 2330 est
1463 2273 1532 2332 ut
1549 2266 1623 2332 de
1653 2267 2008 2336 Ibernorum
2026 2273 2290 2340 moribus
2308 2283 2369 2341 et
2388 2275 2673 2364 religione
2700 2279 2990 2347 nonnulla
3019 2287 3315 2367 praesente

923 2351 1054 2418 loco
1085 2359 1571 2438 perstnngamus.

1976 2826 2156 2891 GAP.
2203 2825 2259 2891 Ι.

923 2985 1255 3044 stanihursti
1298 2985 1500 3040 librum
1565 2985 1633 3040 de
1673 2985 1919 3042 moribus
1960 2995 2019 3041 et
2060 2986 2224 3040 rebus
2266 2985 2499 3042 Ibernioe
2540 3003 2658 3041 esse
2704 2987 2813 3041 fide
2874 2995 2933 3042 et
2976 2987 3313 3045 authoritate

1793 3057 2099 3128 indignum,
2124 3059 2450 3112 ostenditur.

924 3203 1303 3268 &omnus
1320 3199 1562 3285 quidem
1582 3198 1997 3266 Stanihurstus
2008 3198 2486 3266 Dubhlinnensis
2506 3196 3219 3268 demoribusIbernorum
3244 3207 3305 3266 et

924 3289 1178 3354 Iberniae
1205 3286 1383 3352 rebus
1409 3285 1630 3351 librum
1649 3285 1859 3365 edidit,
1880 3310 2059 3373 quem
2086 3285 2263 3352 audio
2282 3286 2373 3351 illi
2398 3309 2563 3354 nunc
2592 3287 2791 3352 animo
2820 3311 2948 3353 esse
2964 3295 3303 3354 retractare.

925 3374 1107 3448 Quod
1136 3395 1274 3439 cum
1300 3373 1508 3438 fecerit
1535 3373 1827 3460 poenitens
1856 3375 2087 3440 animus
2116 3375 2291 3438 venia
2333 3373 2552 3461 dignus
2581 3373 2786 3456 fuerit,
2813 3375 3142 3461 praesertim
3169 3397 3307 3440 cum

924 3485 1056 3527 com
1099 3460 1320 3526 osuerit
1347 3459 1499 3524 illud
1529 3482 1682 3546 opus
1705 3459 1943 3545 juvenis
1972 3483 2099 3527 aevo
2128 3459 2304 3526 viridi
2333 3467 2394 3526 et
2419 3461 2737 3526 immaturo
2761 3461 2989 3546 judicio
3019 3455 3307 3548 deceptus

923 3551 1068 3634 Ang
1089 3549 1141 3614 is
1169 3547 1480 3626 haereticis,
1510 3547 1666 3613 inter
1687 3570 1839 3632 quos
1855 3548 1972 3613 fuit
1988 3547 2274 3613 educatus
2304 3555 2364 3613 et
2392 3571 2427 3614 a
2456 3546 2673 3634 quibus
2695 3571 2885 3634 genus
2910 3549 3097 3614 trahit
3124 3549 3316 3634 magis
3344 3551 3351 3557 ’

923 3636 1162 3722 Anglus
1190 3657 1370 3720 quam
1398 3633 1675 3700 Ibernus.
1724 3634 1849 3706 Qui
1874 3641 2134 3722 nugator
2154 3633 2361 3700 Iberni
2384 3635 2669 3700 sermonis
2687 3635 2929 3715 inscius,
2952 3636 3315 3721 perindeque

921 3727 987 3790 in
1037 3723 1214 3789 rebus
1269 3722 1526 3789 Iberniae
1575 3723 1792 3809 hospae
1824 3744 1971 3807 quas
2014 3722 2289 3809 ineptias,
2318 3722 2415 3787 vel
2455 3747 2492 3788 a
2538 3721 2901 3787 mulierculis
2946 3722 3176 3789 audivit
3218 3721 3314 3786 vel

922 3811 1186 3878 haeretici
1212 3811 1280 3876 in
1306 3809 1648 3876 Catholicos
1676 3811 1999 3876 commenti
2026 3815 2188 3889 sunt,
2218 3809 2314 3876 vel
2354 3810 2376 3875 i
2420 3832 2483 3874 se
2509 3809 2728 3874 mentis
2756 3809 3065 3896 incompos
3094 3809 3313 3874 somni·

925 3900 1066 3976 avit,
1097 3921 1195 3963 eas
1225 3897 1299 3962 de
1329 3897 1564 3962 Ibernis
1610 3920 1736 3963 non
1783 3893 1968 3964 animi
2010 3896 2257 3984 judicio,
2306 3919 2369 3961 se
2454 3895 2690 3982 ingenti
2732 3895 3062 3982 petulantia
3102 3893 3314 3960 litteris

923 3983 1263 4052 mandavit:
1328 4005 1456 4049 non
1513 3985 1737 4050 veritus
1795 4007 2060 4050 summos
2116 4008 2151 4049 a
2218 4005 2297 4048 ue
2354 3981 2693 4050 Catholicos
2750 3983 2909 4049 viros
2958 3983 3191 4062 laedere,
3252 3988 3313 4046 et

923 4071 1267 4138 haereticum
1319 4091 1498 4154 quem
1542 4070 1753 4150 voluit,
1805 4070 1882 4136 ad
1927 3991 2469 4136 aetheraniaudibus
2520 4067 2722 4134 efferre
2772 4068 2917 4135 dum
2945 4069 3162 4156 Anglis
3191 4070 3313 4134 suis

921 4158 1213 4226 haereticis
1242 4157 1398 4242 gerit
1425 4178 1671 4221 morem.
1760 4156 1961 4227 Quare
1988 4179 2151 4222 nunc
2178 4179 2358 4222 senex
2378 4155 2455 4222 ad
2474 4154 2694 4222 bonam
2720 4155 2955 4243 frugem
2975 4177 3311 4234 conversu8‚

922 4245 1192 4312 sacerdos
1213 4242 1556 4316 Catholicus
1577 4243 1819 4308 effectus
1841 4270 1861 4326 ;
1884 4243 2229 4329 judicioque
2244 4243 2495 4330 pollens,
2512 4242 2724 4308 merito
2734 4241 2896 4308 dolet
2905 4243 3140 4328 quodin
3168 4264 3309 4328 gen-

919 4332 1100 4419 longe
1149 4331 1404 4398 maxime
1453 4329 1840 4409 catholicam,
1887 4331 2177 4416 variisque
2218 4329 2466 4396 laudum
2590 4329 2831 4395 neribus
2880 4330 3314 4396 ornatissimam

923 4420 1063 4506 styli
1105 4422 1290 4486 aciem
1320 4417 1512 4484 acrius
1541 4417 1886 4483 exercuerit.
1974 4415 2111 4482 Hoc
2140 4439 2278 4482 cum
2306 4419 2371 4482 in
2413 4417 2526 4482 Cat
2570 4415 2721 4482 olico
2770 4416 3099 4482 Lusitaniae
3127 4437 3312 4502 regno

925 4507 1164 4593 penitus
1190 4505 1641 4593 intelligeretur,
1673 4505 2039 4570 Stanihursti
2066 4501 2215 4570 liber
2237 4505 2429 4572 Sacrae
2460 4503 2873 4588 Inquisitionis
2903 4510 3143 4570 senatus
3173 4525 3313 4568 con-

930 4591 1088 4660 sulto
1119 4592 1431 4660 damnatus
1459 4598 1522 4659 et
1547 4591 1790 4680 ignibus
1819 4591 2075 4660 traditus
2102 4592 2309 4659 fertur.
