3634 5842
849 723 856 728 ’
941 725 1064 790 176
1367 720 1784 788 o’sunmvm1
1830 741 2143 788 urs-roma
2184 736 2571 797 cunonem,
2590 737 2764 782 non.
2784 737 2885 782 111.
3026 715 3197 801 [Lus.
3234 735 3347 781 111.

940 894 1819 1068 ἱξῗῗῑζῐιῗΐέἔῧωᾛθῗ
1838 891 2493 1060 ΐὲὲῗῖῗζῑωῗῗὶἳέἓ
2516 913 2749 1044 ζ”ἕῆῗ
2760 887 3353 1078 sffissfftsssskfiffffl

939 1077 1003 1136 et
1029 1069 1248 1136 milites
1278 1071 1384 1155 qui
1411 1069 1524 1136 sub
1567 1091 1639 1134 eo
1689 1067 1974 1147 latebant,
2004 1066 2325 1136 conterit*
2409 1065 2781 1132 O’Donellus
2826 1064 3079 1130 obsessis
3108 1065 3351 1129 auxilio

939 1159 1184 1224 veniens
1211 1158 1668 1243 appropinquat.
1754 1155 2133 1241 Binghamus
2174 1154 2353 1240 sugit.
2440 1153 2519 1219 In
2544 1153 2991 1240 oppugnatione
3020 1151 3178 1237 regii
3210 1173 3347 1216 sex-

936 1245 1098 1310 centi
1141 1243 1360 1310 milites
1409 1243 1706 1310 obierunt.
1791 1243 2011 1308 Arcem
2038 1264 2199 1322 vero,
2230 1239 2393 1328 quod
2420 1245 2547 1306 erat
2574 1249 2697 1305 tam
2740 1239 3095 1306 laboriosum
3129 1239 3347 1304 defen-

937 1331 1096 1398 dere.
1183 1329 1556 1398 O'Donellus
1585 1329 1923 1396 demolitur.
3148 1371 3158 1380 ·

1972 1829 2152 1894 OAP.
2200 1829 2277 1894 V.

943 2024 1112 2098 Regii
1134 2041 1260 2080 cum
1285 2021 1584 2078 Catholicis
1609 2021 1678 2076 de
1699 2037 1835 2093 pace
1848 2027 2040 2092 agunt,
2056 2017 2423 2076 Ardmaeham
2450 2025 2736 2092 occupant,
2752 2037 2879 2076 cum
2900 2019 3139 2076 O’Nello
3158 2023 3336 2076 minua

1827 2092 2063 2146 secunde
2088 2090 2445 2146 contendunt.

943 2265 1142 2332 Brun
1190 2261 1352 2350 quod
1401 2259 1580 2326 armis
1623 2258 1826 2324 minus
1874 2257 2135 2323 secunde
2178 2279 2306 2323 rem
2354 2256 2639 2342 gerebant
2666 2258 2943 2324 induciis
2986 2260 3168 2325 factis
3199 2283 3335 2326 eum

943 2351 1207 2419 O’Nello
1251 2355 1314 2414 et
1366 2344 1704 2413 O'Donello
1750 2344 1827 2410 de
1874 2367 2019 2430 paee
2070 2349 2279 2430 agunt.
2366 2345 2466 2409 Ad
2496 2366 2597 2408 eos
2630 2343 2961 2412 Henricum
3006 2345 3335 2435 Walopum

941 2439 1202 2505 Ibernise
1229 2440 1569 2522 questorem
1597 2439 1658 2498 et
1686 2430 2021 2497 Robertum
2048 2430 2443 2498 Gardinerum
2468 2431 2731 2518 judicem
2752 2434 3077 2498 maximum
3104 2434 3127 2499 l
3244 2441 3335 2501 tos

939 2528 1212 2602 mittunt,
1243 2521 1628 2598 sciscitatum,
1657 2517 1878 2607 quibus
1905 2517 2348 2584 conditionibus
2375 2525 2572 2583 essent
2600 2521 2884 2585 content-i.
2972 2520 3047 2586 O'
3052 2521 3116 2586 N
3200 2545 3273 2587 us
3298 2545 3333 2588 a

937 2612 1208 2700 Bagnale
1233 2609 1508 2676 laborm
1533 2611 1714 2692 atque
1757 2605 2109 2674 meritorum
2156 2627 2403 2670 suorum
2448 2607 2758 2692 praemium
2809 2605 3229 2688 interversum,
3274 2631 3333 2673 se

937 2701 1103 2768 falsis
1131 2693 1478 2766 criminibus
1507 2697 1851 2760 accusatum
1878 2697 1941 2758 et
1967 2692 2043 2758 de
2086 2692 2321 2780 injuriis
2369 2691 2499 2756 aliis
2543 2695 2799 2777 graviter
2828 2695 3129 2780 queritur:
3182 2699 3333 2761 inter

938 2788 1054 2856 alia
1081 2786 1236 2874 petit
1259 2789 1332 2850 ut
1361 2780 1642 2848 omnibus
1659 2780 1923 2846 reatibus
1944 2779 2315 2860 condonatis,
2338 2779 2473 2858 sibi,
2496 2779 2735 2866 suisque
2752 2780 2945 2859 liceat,
2962 2781 3329 2850 Catholicam

937 2875 1270 2942 Romanam
1295 2869 1643 2969 religionem
1653 2867 1934 3020 tprofiteri
1962 2873 2025 2933 et
2051 2887 2359 2952 nunquam
2404 2867 2669 2952 ipsorum
2696 2867 2844 2934 fines
2870 2867 3085 2934 adeant
3111 2871 3331 2957 reginae

929 2962 1162 3050 judices
1191 2965 1254 3026 et
1294 2955 1573 3116 ministris-
1615 2954 1652 3022 Ι
1694 2977 1790 3020 em
1840 2953 2211 3020 O'Donellus
2262 2961 2323 3020 et
2373 2954 2570 3020 coeteri
2597 2959 2830 3041 petunt,
2860 2955 3119 3022 multum
3173 2958 3330 3045 prius

943 3049 1020 3114 de
1045 3046 1280 3112 in'uriis
1349 3043 1528 3108 nesti.

1030 3071 1284 3198 Iu'izerim
1309 3065 1476 3194 ι11111116
1503 3127 1732 3214 pedites
1761 3127 1971 3212 Angli,
2002 3126 2107 3211 qui
2134 3127 2200 3191 in
2230 3125 2429 3192 Gallia
2456 3125 2721 3212 Belgica,
2751 3129 2913 3215 apud
2937 3128 3205 3198 Batavos
3234 3128 3329 3196 ad·

945 3241 1149 3285 versus
1178 3217 1483 3302 Hispanos
1533 3213 1901 3299 stipendium
1946 3211 2241 3280 faciebant
2266 3215 2523 3280 revocati
2550 3215 2617 3278 in
2658 3213 2959 3282 Iberniam
2987 3217 3327 3294 mittuntur,

946 3329 1098 3394 quos
1126 3311 1188 3370 et
1216 3301 1546 3370 Gallienses
1574 3306 1638 3364 et
1664 3298 2039 3366 Ibernienses
2088 3305 2399 3365 veteranos
2447 3299 2699 3366 Ibernos
2726 3311 2789 3368 et
2812 3303 3065 3389 Anglos,
3094 3312 3329 3392 tyrones

945 3392 1180 3479 Anglos
1205 3391 1274 3456 in
1301 3387 1648 3466 Momoniis,
1675 3385 1960 3473 Lagenia,
1991 3385 2229 3452 Midhia
2252 3385 2407 3452 nove
2428 3389 2795 3476 conscriptos
2822 3392 3069 3476 equites,
3098 3401 3159 3458 et
3192 3393 3327 3458 titu-

944 3479 1096 3546 lares
1123 3479 1284 3546 viros
1329 3472 1835 3561 Anglo-Ibernos,
1881 3475 2111 3561 justum
2160 3473 2485 3540 exercitum
2514 3480 2575 3540 et
2604 3475 2848 3542 O’Nelli
2875 3477 3061 3564 copiis
3089 3485 3186 3544 ter
3214 3501 3327 3544 ma-

949 3569 1134 3633 ‘orem
1191 3562 1502 3630 Bussellus
1559 3583 1773 3648 prorex
1828 3565 1891 3626 et
1946 3559 2163 3626 Norris
2218 3560 2285 3626 in
2340 3560 2651 3644 Ultoniam
2706 3563 2970 3630 celeriter
3024 3567 3325 3644 movent-1

939 3591 1208 3721 ³Nemine
1234 3655 1606 3736 repugnante
1630 3649 1698 3714 in
1723 3647 2123 3719 Andmaeham
2164 3646 2545 3714 clarissimam
2589 3649 2845 3716 Iberniae
2872 3653 3247 3738 metropolim
3272 3657 3327 3716 et

945 3739 1128 3828 longe
1171 3736 1676 3824 religiosissimam
1717 3735 2099 3822 perveniunt,
2129 3733 2499 3820 fugientibus
2546 3735 2859 3823 religiosis,
2906 3739 3323 3815 sacerdotibus,

947 3828 1128 3896 sacris
1165 3823 1518 3912 virginibus,
1565 3828 1628 3888 et
1676 3821 1806 3888 aliis
1854 3821 2187 3908 oppidanis,
2232 3844 2271 3887 o
2312 3821 2518 3906 pidum
2570 3827 2783 3892 natura
2824 3825 3228 3907 immunitum,
3270 3830 3325 3890 et

943 3916 1126 3983 armis
1167 3912 1384 3980 orbum
1429 3909 1680 3995 ingressi
1725 3931 1888 3976 sacra
1916 3909 2137 3995 templa
2165 3909 2263 3975 vio
2322 3917 2409 3987 nt,
2436 3909 2503 3974 in
2532 3933 2819 3996 equorum
2848 3911 3081 3980 stabula
3108 3922 3171 3979 et
3197 3933 3323 4000 pro·

945 4003 1178 4090 phanes
1218 4020 1366 4066 usus
1411 4001 1745 4062 vertentes:
1790 3996 1857 4060 in
1885 3995 2178 4062 Divorum
2208 3995 2559 4062 simulachra
2587 3999 2876 4066 saeviunt:
2920 4001 3140 4086 gaudio
3168 3998 3323 4068 exul-

1021 4213 1046 4240 ·
1084 4209 1240 4265 Four
1263 4206 1525 4272 Masta-⁸,
1548 4219 1603 4276 p.
1633 4206 1788 4259 1983.

1020 4285 1050 4352 f
1088 4279 1236 4336 Aa).
1266 4280 1420 4339 1596.
1439 4275 1686 4346 January
1707 4280 1764 4330 8.
1840 4275 2137 4338 Moru-ison,
2162 4293 2217 4346 p.
2250 4277 2369 4332 113.
2414 4276 2589 4330 ·Fou·
2618 4277 2870 4345 masters,
2898 4283 3051 4339 1997.
3130 4281 3248 4336 One
3268 4277 3331 4332 of

949 4357 1046 4410 the
1070 4353 1122 4408 Ε
1203 4350 1307 4406 lish
1332 4346 1765 4404 commissioners
1789 4363 1901 4399 was
1924 4346 2017 4400 the
2040 4365 2075 4400 a
2112 4353 2291 4401 estate
2308 4345 2491 4418 Myler
2514 4347 2580 4402 of
2598 4347 2815 4404 Oashel.

1020 4427 1052 4494 :t
1089 4423 1325 4478 Neither
1350 4419 1444 4474 the
1467 4417 1624 4474 Four
1648 4415 1888 4471 Mutet-s
1922 4434 2025 4470 nor
2108 4417 2287 4490 nglish
2311 4417 2636 4474 authorities
2658 4421 2857 4475 record
2878 4440 2984 4496 any
3007 4422 3246 4478 invasion
3269 4417 3330 4474 of

952 4492 1146 4550 Ulster
1171 4495 1241 4565 by
1277 4489 1482 4546 Nori-is
1523 4507 1588 4544 or
1628 4487 1871 4550 Russell,
1906 4487 2049 4542 after
2090 4489 2184 4544 the
2228 4491 2656 4544 commissionem
2691 4491 2801 4545 had
2842 4493 2977 4547 been
3019 4491 3320 4566 appointed,

949 4565 1197 4636 January
1231 4568 1286 4629 8,
1311 4565 1465 4628 1596,
1487 4569 1546 4616 to
1571 4560 1708 4615 offer
1733 4567 1903 4614 terma
1930 4559 1995 4612 of
2010 4577 2192 4630 peace.
2270 4559 2391 4614 The
2414 4568 2532 4614 seat
2556 4560 2622 4614 of
2636 4579 2749 4615 war
2774 4562 2975 4636 during
3004 4567 3138 4620 1596
3162 4565 3265 4619 and
3286 4579 3317 4614 a

951 4644 1112 4707 great
1135 4642 1262 4708 part
1287 4633 1352 4688 of
1375 4633 1529 4700 1597,
1566 4649 1676 4686 was
1713 4631 1770 4685 in
1809 4629 2157 4702 Gonnaught,
2178 4630 2421 4686 between
2447 4631 2539 4687 the
2580 4631 2967 4708 indefatigable
3008 4635 3134 4691 Red
3158 4631 3319 4706 Hugh

953 4707 1063 4762 and
1088 4705 1427 4762 Connacians
1451 4723 1521 4758 on
1548 4721 1648 4758 one
1675 4703 1803 4770 side,
1830 4701 1936 4756 aud
1974 4703 2070 4758 the
2094 4701 2330 4774 English
2370 4719 2441 4756 on
2468 4702 2559 4756 the
2602 4703 2777 4757 other.
2860 4705 2985 4760 O’N
2988 4705 3055 4760 eil
3082 4707 3209 4762 cloes
3228 4711 3323 4772 ,not

955 4795 1156 4852 appear
1181 4783 1239 4832 at
1264 4775 1356 4828 all.
