3634 5842
869 637 991 700 182
1291 635 1709 700 o’sunmvam
1751 651 2069 700 merom
2112 653 2498 713 cunonem,
2528 653 2677 700 rou.
2722 654 2824 698 111.
2948 635 3104 719 [us.
3138 654 3251 698 111.

863 807 1198 872 constantia
1241 807 1420 878 vinci.
1506 809 1600 874 Ac
1649 807 1882 886 merito,
1932 807 2197 892 profecto
2240 814 2446 874 tantus
2488 808 2809 893 imperator
2864 807 2939 872 de
2987 805 3249 872 fortunae

865 892 1260 959 mutabilitate
1307 893 1573 980 querelas
1623 891 1982 959 effundebat.
2070 893 2351 981 Namque
2386 895 2614 981 judicio
2659 895 2945 972 omnium,
2976 913 3127 979 quos
3168 893 3251 958 de

863 979 976 1044 hac
1003 1001 1066 1045 re
1095 979 1387 1060 consului,
1417 988 1544 1046 erat
1572 980 1839 1046 omnium
1884 980 2217 1065 Anglorum
2246 983 2351 1069 qui
2377 983 2491 1048 hac
2518 987 2867 1068 tempestate
2896 981 3243 1059 floruerunt,

865 1066 1114 1132 scientia
1161 1067 1247 1132 rei
1295 1068 1566 1134 militaris
1595 1075 1656 1133 et
1683 1067 1881 1132 animo
1930 1067 2109 1134 simul
2152 1069 2398 1155 primus,
2430 1075 2491 1134 et
2532 1069 2592 1134 in
2648 1067 2862 1146 Gallia,
2914 1067 3245 1152 Belgioque

865 1175 1040 1217 suum
1068 1175 1286 1220 nomen
1313 1177 1555 1220 casuum
1585 1155 1972 1254 prosperitate
2010 1154 2345 1220 celebravit.
2432 1154 2833 1227 Quamobrem
2859 1177 2984 1221 non
3012 1153 3241 1231 dubito,

864 1240 1011 1325 quin
1039 1240 1324 1307 divinitus
1351 1243 1532 1307 fuerit
1559 1247 1955 1307 consumtum
1980 1249 2053 1305 ut
2078 1241 2369 1308 Catholici
2396 1241 2746 1328 plerumque
2786 1243 3019 1310 summa
3046 1239 3243 1306 faelioi-

861 1333 1002 1406 tate,
1031 1328 1180 1413 regii
1205 1327 1344 1394 vero
1371 1330 1484 1394 etsi
1513 1329 1742 1395 fortiter
1769 1335 1833 1394 et
1859 1327 2141 1408 animose,
2172 1336 2370 1394 tamen
2386 1328 2807 1395 infaustissime
2827 1331 2948 1395 sint
2975 1321 3237 1414 praeliatl.

866 1413 1080 1498 Neque
1131 1415 1367 1494 mirum,
1415 1437 1670 1502 namque
1715 1414 1923 1501 procul
1976 1413 2179 1494 dubio,
2230 1415 2520 1481 Catholici
2569 1415 2793 1495 Iberni,
2827 1416 2931 1502 qui
2972 1415 3037 1481 in
3078 1414 3237 1500 regio

865 1503 1126 1566 exercitu
1177 1509 1363 1582 erant,
1413 1503 1778 1590 impugnatae
1827 1500 2148 1568 Catholicae
2193 1502 2495 1588 religionis
2542 1503 2901 1569 conscientia
2949 1501 3239 1568 sinistrius

863 1610 988 1654 rem
1017 1587 1342 1674 gerebant3
1389 1599 1450 1655 et
1478 1589 1666 1674 Angli
1693 1587 1853 1668 belli,
1886 1588 2189 1674 praeliique
2218 1589 2519 1655 laboribus
2538 1589 2898 1676 perferendis
2926 1609 3049 1656 non
3077 1595 3242 1653 erant

862 1681 987 1740 tam
1015 1677 1168 1742 firmi
1195 1685 1256 1741 et
1283 1675 1483 1742 idonei
1511 1699 1580 1742 ac
1609 1675 1835 1754 Iberni,
1864 1685 1927 1740 et
1954 1673 2249 1742 O'Nellus
2295 1699 2534 1763 aeqnum
2561 1675 2675 1742 sibi
2702 1677 2903 1742 locum
2942 1673 3241 1743 adoriendi

863 1761 1170 1828 Norrisem
1201 1763 1466 1828 studiose
1493 1763 1570 1829 eli
1647 1785 1719 1828 ns
1747 1785 1823 1828 ex
1850 1763 2163 1828 commodo
2192 1761 2463 1849 praelium
2492 1761 2919 1843 committebat,
2948 1762 3107 1849 quod
3125 1761 3241 1847 ipsi

863 1850 1254 1916 necessarium
1281 1851 1464 1916 fuisse
1491 1853 1550 1916 vi
1591 1848 1821 1928 ebatur,
1852 1849 1957 1935 qui
1986 1849 2243 1914 militum
2272 1872 2518 1916 numero
2548 1857 2673 1916 erat
2700 1851 2962 1916 inferior.

1903 2310 2083 2377 CAP.
2129 2311 2211 2376 X.

1112 2485 1370 2559 Lagenioe
1395 2503 1482 2540 res
1507 2485 1718 2558 aliquot
1739 2494 2135 2542 memorantur.
2206 2487 2455 2543 Nori-isis
2479 2489 2794 2562 prodigiosa
2816 2507 2979 2545 mors.

867 2659 908 2724 J
910 2679 1005 2725 nr
1034 2679 1130 2722 me
1158 2657 1557 2742 Lageniorum
1585 2677 1680 2722 res
1700 2660 1937 2735 vocant,
1968 2655 2073 2741 qui
2100 2655 2332 2721 tametsi
2354 2656 2551 2742 parvis
2566 2656 2791 2722 viribus
2813 2679 3029 2743 magna
3044 2663 3243 2722 tamen

867 2745 1203 2812 constantia
1251 2750 1312 2809 et
1361 2744 1580 2810 virtute
1675 2765 1742 2809 ro
1787 2743 2097 2809 catholiea
2152 2742 2436 2829 religione
2493 2765 2739 2808 manum
2794 2751 3241 2810 conseruerunt.

865 2833 1193 2920 Postquam
1241 2829 1497 2897 Fiachus
1549 2828 1626 2895 O?
1684 2829 1821 2896 ruin
1848 2830 1940 2895 vir
1968 2836 2262 2910 strenuus,
2292 2836 2353 2895 et
2380 2830 2789 2897 baereticorum
2815 2831 3004 2896 hostis
3033 2832 3241 2897 acerri-

865 2943 1000 2986 mus
1027 2920 1144 2986 fuit
1171 2941 1278 3006 per
1325 2918 1718 3004 perditionem
1761 2918 2083 3046 5³¹fi¹¹⁰¹⁷¹4¹3³
2114 2917 2243 2981 e'us
2288 2917 2393 2982 filii
2438 2916 2719 2998 Felmius,
2750 2925 2811 2984 et
2854 2918 3243 3005 Raymundus

864 3029 1091 3157 reu:
1115 3011 2061 3190 stffaesssssszs‘zetzz‘szt,
2091 3003 2886 3190 Ffflffissffid
2980 3007 3241 3158 fflu

864 3177 1192 3256 contendit,
1223 3175 1507 3242 auxillum
1613 3183 1810 3256 titum,
1855 3200 1890 3242 a
1958 3199 2039 3241 uo
2083 3184 2333 3263 receptis
2382 3177 2683 3262 peditibus
2710 3179 2833 3246 fere
2874 3180 3151 3246 trecentis
3178 3190 3243 3244 et

863 3264 1294 3415 ‘1qussss
1343 3262 1494 3329 duce
1535 3199 1843 3362 {ernardo
1872 3199 2159 3328 offMorra
2202 3271 2595 3364 cognomento
2624 3265 2817 3364 Eusco
2852 3265 3091 3351 (Riach)
3122 3265 3237 3330 La-

861 3353 1038 3439 genio
1067 3374 1147 3417 no
1189 3350 1254 3416 111
1279 3349 1572 3416 laborantl
1598 3349 1764 3415 fratri
1793 3372 1971 3435 quam
2022 3349 2517 3436 opportumsslme
2546 3351 2685 3416 tuht
2713 3375 2906 3439 opem,
2934 3359 3241 3438 totamque

859 3448 1164 3526 paternam
1209 3437 1631 3515 haereditatem,
1675 3437 1798 3536 jam
1848 3457 1999 3524 pene
2028 3437 2300 3502 amissam
2328 3437 2392 3503 in
2418 3459 2586 3504 suam
2612 3447 2966 3525 potestatem
2992 3441 3239 3528 redegit,

862 3526 1137 3593 secundis
1196 3525 1421 3611 aliquot
1477 3522 1921 3590 velitationibus
1976 3524 2167 3589 sactis.
2256 3523 2409 3590 Inde
2466 3525 2805 3592 Bernardus
2853 3527 3087 3613 Anglos
3136 3527 3239 3613 qui

861 3614 1396 3700 Lochgarmensem
1443 3608 1666 3676 tribum
1719 3610 2089 3690 habitabant,
2119 3617 2181 3675 et
2218 3609 2469 3678 Ibernos
2518 3613 2791 3699 Anglicoe
2836 3615 3108 3680 factionis
3148 3637 3237 3680 re·

861 3702 1125 3788 pentinis
1151 3698 1593 3766 incursionibus
1623 3697 2014 3800 depraedatur.
2101 3699 2399 3784 Agentem
2414 3699 2643 3799 praedas
2670 3699 2941 3787 Anglicoe
2969 3703 3237 3768 cohorte·

862 3794 1118 3874 quatuor
1145 3809 1282 3852 cum
1313 3785 1760 3873 quadringentis
1802 3781 2183 3850 auxiliaribus
2225 3785 2459 3851 Iberms
2484 3785 2550 3852 in
2579 3793 2781 3874 aperta
2806 3789 3057 3874 planicie
3084 3805 3235 3854 asse·

861 3881 1145 3961 quuntur.
1233 3872 1572 3938 Bernardus
1601 3873 1837 3958 agmine
1863 3873 2155 3938 instructo
2185 3894 2258 3937 ex
2288 3872 2735 3960 quadringentis
2753 3875 3054 3961 peditibus
3070 3875 3233 3941 Iber-

859 3963 954 4028 nis
1059 3959 1176 4027 aud
1203 3960 1404 4048 plures
1432 3955 1716 4045 habebat)
1747 3959 1889 4025 aleae
1916 3981 2137 4044 pugnae
2158 3981 2283 4024 sese
2312 3961 2605 4026 commisit
2633 3967 2695 4026 et
2722 3983 2835 4048 ope
2856 3961 3057 4028 divina
3078 3957 3231 4027 vicit.

859 4052 1004 4135 Ang
1023 4048 1152 4130 i‘ad
1178 4069 1367 4113 unum
1414 4047 1850 4118 trucidantur.†
1934 4046 2159 4110 Eorum
2205 4047 2515 4112 auxiliares
2555 4047 2758 4114 Iberni
2783 4071 2906 4114 non
2935 4051 3105 4134 pauci
3136 4045 3232 4113 dc-

859 4137 1210 4202 siderantur.
1295 4133 1508 4198 Oaetcri
1571 4133 1716 4219 fuga
1772 4132 2022 4197 salutem
2080 4139 2313 4218 petunt.
2398 4137 2634 4200 Auctus
2688 4142 2781 4199 est
2836 4135 3232 4222 Lageniorum

857 4229 1056 4289 motus
1088 4221 1312 4287 Huone
1340 4219 1628 4285 O'Morrd
1655 4219 1883 4284 virilem
1910 4224 2113 4306 togam
2136 4226 2425 4286 sumente.
2492 4221 2557 4285 Is
2578 4222 2878 4287 eratfilius
2908 4219 3228 4303 Botherici,

927 4411 954 4436 *
989 4405 1164 4462 Fiach
1192 4403 1446 4477 O'Byrne
1467 4418 1578 4456 was
1615 4399 1783 4455 killed
1817 4401 1873 4454 in
1900 4400 2051 4472 May,
2082 4401 2236 4460 1597.
2310 4402 2483 4457 From
2508 4406 2729 4476 August
2758 4407 2820 4458 15
2846 4412 2903 4459 to
2931 4405 3230 4461 Christum

858 4497 1004 4534 same
1026 4495 1174 4550 year,
1197 4477 1284 4531 bis
1306 4493 1405 4530 son
1448 4473 1556 4529 and
1596 4473 1780 4527 others
1821 4489 1965 4527 were
2004 4471 2333 4546 plundering
2376 4473 2643 4528 Leinster.
2719 4476 2869 4530 Four
2893 4477 3151 4541 Mature,
3174 4496 3227 4550 p.

857 4553 1016 4605 2048.
1054 4549 1166 4604 Aid
1187 4547 1387 4620 having
1402 4546 1539 4600 been
1561 4552 1681 4598 sent
1703 4543 1773 4615 by
1801 4543 2017 4609 O'Neil¹
2052 4543 2294 4601 Canden-
2368 4545 2457 4600 On
2474 4545 2567 4599 the
2584 4545 2682 4604 'Itli
2701 4545 2769 4599 of
2782 4545 3087 4603 December
3104 4550 3229 4622 they

856 4622 983 4677 slew
1007 4628 1117 4675 two
1141 4625 1333 4690 troops
1358 4617 1425 4672 of
1437 4615 1665 4672 soldiers
1689 4615 1962 4670 stationed
1984 4622 2044 4668 at
2068 4615 2497 4688 Maryborougb.
2574 4616 2679 4671 See
2702 4617 2816 4672 also
2843 4617 2981 4682 Oox,
3004 4635 3057 4691 p.
3082 4624 3207 4674 414.

927 4695 957 4763 †
999 4691 1118 4747 One
1142 4690 1206 4743 of
1222 4691 1315 4745 the
1337 4689 1535 4744 battles
1558 4686 1804 4742 referred
1821 4695 1899 4754 to,
1924 4703 1977 4759 p.
2004 4689 2164 4754 2043,
2188 4687 2336 4742 Ad).
2370 4687 2523 4746 1597.
