3634 5842
425 786 565 847 car.
611 766 732 851 m]
819 772 826 779 “
1083 780 1168 825 ns
1213 782 1412 828 13an
1458 784 1824 835 eumenem
1868 785 2201 831 annonuu.
2678 769 2801 831 163

423 962 466 1025 p
741 946 1012 1006 conaturs
1099 937 1386 1005 Hostium
1437 936 1819 1004 multitudine
1867 938 2133 1024 undique
2191 938 2569 1024 aggrediente
2626 938 2805 1005 Fusci

423 1026 604 1092 frater
631 1026 932 1107 Giraldus‚
961 1027 1280 1092 fortissime
1307 1022 1580 1109 praelians
1619 1024 1903 1109 plumbea
1942 1024 2157 1111 glande
2185 1024 2562 1091 confoditur:
2608 1029 2805 1091 caeteri

422 1112 770 1199 plerumque
813 1112 1160 1179 vulneribus
1206 1110 1562 1176 afficiuntur.
1651 1112 1883 1178 Fuscus
1926 1112 2091 1197 quod
2119 1120 2179 1177 et
2207 1112 2641 1177 munimentum
2672 1113 2805 1179 diu-

420 1198 544 1265 tius
600 1201 758 1265 tueri
812 1201 1081 1287 nequivit
1128 1205 1189 1266 et
1233 1204 1568 1263 commeatu
1621 1198 1875 1279 carebat,
1918 1217 2025 1286 per
2073 1199 2298 1264 medios
2347 1200 2807 1266 confertissimos

418 1286 621 1353 hostes
649 1308 963 1387 erumpens
991 1308 1128 1353 cum
1155 1285 1360 1372 paucis
1388 1284 1603 1351 evadit.
1687 1286 1979 1387 Tempore
2000 1286 2244 1385 minime
2270 1286 2472 1372 longo·
2483 1294 2801 1386 transacto,

421 1370 1344 1557 ἓὲἓᾱῖῗξῖιῗὲωᾚῗῗὲ
1369 1372 2804 1545 ἓὲἐῖὲῖΐῗιξῗξὲἒὲἰὶῖῗῑηᾞᾞῧῗὲἓ

423 1546 715 1613 sexdecim
744 1547 1008 1613 offendit.
1097 1547 1332 1612 Sti-ictis
1360 1546 1642 1631 utrinque
1669 1545 1883 1633 gladiis
1923 1547 2072 1633 regii
2100 1546 2361 1631 quinque
2389 1547 2645 1632 graviter
2670 1548 2801 1613 vul-

422 1641 744 1701 nerantur:
787 1633 936 1700 alter
962 1656 1036 1699 ex
1065 1633 1302 1699 duobus
1351 1630 1532 1697 Fusci
1576 1631 1867 1698 militibus
1915 1632 2238 1698 occiditur:
2283 1632 2306 1696 i
2348 1655 2411 1699 se
2454 1633 2650 1700 mallei
2675 1634 2803 1701 ictu

420 1722 606 1786 fracto
633 1744 786 1808 pene
813 1721 1035 1788 femore
1061 1720 1364 1786 sternitur.
1449 1718 1685 1785 Ducem
1712 1721 1883 1786 humi
1923 1720 2221 1807 jacentem
2322 1728 2413 1785 ter
2452 1742 2665 1801 eomes,
2698 1723 2804 1808 qui

422 1807 716 1894 Georgius
744 1807 1031 1873 O’Morra
1056 1806 1398 1887 vocabatur,
1416 1805 1632 1871 tollens
1658 1806 1921 1871 humeris
1948 1806 2293 1891 impositum
2320 1806 2585 1873 hostium
2610 1810 2800 1874 mani-

421 1893 536 1959 bus
584 1896 808 1981 eripere
854 1894 1100 1959 molitur
1145 1892 1432 1980 fugiendo
1482 1891 1560 1958 ad
1607 1893 2059 1977 commilitones,
2129 1894 2193 1957 ui
2221 1893 2287 1958 in
2326 1894 2596 1979 proximo
2643 1916 2800 1981 pago

421 1981 886 2048 diversabantur.
975 1980 1228 2053 Quoties
1253 1979 1673 2047 insectantium
1689 2001 1871 2045 cursu
1899 2001 2111 2067 supera
2152 1988 2303 2057 atur,
2334 1981 2511 2045 toties
2538 1980 2803 2048 Fuscum

419 2068 588 2133 humi
614 2068 974 2154 relinquens,
1005 2068 1212 2133 stricto
1238 2067 1393 2133 ferro
1422 2088 1561 2132 cum
1589 2078 1848 2152 quatuor
1873 2074 1979 2131 aut
2007 2068 2270 2152 quinque
2303 2067 2584 2149 certabat,
2614 2068 2805 2135 donec

421 2155 564 2221 socii
591 2154 668 2221 ad
697 2155 984 2221 auxilium
1014 2154 1389 2221 accurrerint.
1476 2155 1537 2219 A
1564 2152 1782 2239 quibus
1824 2152 2057 2218 Fuscus
2099 2152 2499 2235 absconditus,
2532 2178 2670 2221 cum
2700 2178 2801 2221 cu-

419 2250 664 2323 raretur,
719 2266 756 2309 a
802 2242 1048 2308 custode
1094 2262 1205 2307 suo
1253 2238 1470 2326 Anglis
1518 2240 1901 2327 deprehenso,
1954 2240 2163 2326 capitis
2202 2241 2415 2307 timore
2441 2242 2715 2331 proditur
2741 2251 2803 2308 et

419 2327 834 2396 Dubhlinnam
863 2329 1096 2395 delatus
1123 2330 1312 2395 ferreo
1355 2348 1500 2393 veru
1513 2326 1694 2414 longe
1723 2333 1784 2393 et
1813 2328 2153 2393 acutissimo
2182 2329 2401 2393 infixus
2427 2329 2805 2415 perimim.*

419 2416 568 2482 Post
593 2416 775 2483 Fusci
801 2438 1008 2481 necem
1033 2415 1292 2483 Fiachus
1317 2414 1575 2480 traditur
1602 2436 1741 2480 cum
1767 2415 1948 2500 regiis
1976 2415 2162 2501 copiis
2204 2426 2413 2500 quater
2440 2417 2611 2501 signa
2638 2441 2804 2505 pros-

417 2503 1000 2655 355023233301.
1027 2501 1210 2655 „3312
1253 2501 2804 2674 ussfflmssfflfflpaffifflssfflffimdffffi

419 2677 604 2740 trium
653 2676 909 2741 filiorum
959 2675 1165 2741 Fischi
1214 2680 1361 2740 natu
1411 2674 1588 2738 simul
1638 2680 1700 2738 et
1743 2673 1966 2737 virtute
2015 2674 2327 2754 maximus,
2374 2674 2537 2759 quod
2586 2678 2805 2764 An'glis

417 2768 645 2849 patrem
675 2762 922 2847 prodere
951 2762 1337 2828 constituerat
1376 2759 1774 2824 insimulatur.
1860 2759 2117 2825 Fiachus
2145 2759 2209 2824 id
2236 2782 2308 2825 eo
2334 2760 2568 2827 facilius
2616 2765 2801 2830 credi-

420 2849 531 2929 dit,
599 2849 724 2913 uod
753 2849 1016 2915 monitus
1045 2849 1232 2914 fertur
1261 2870 1295 2912 a
1322 2846 1486 2911 Rosa
1511 2846 1578 2910 ni
1613 2844 1864 2911 Tuehile
1890 2868 2075 2910 uxore
2104 2847 2215 2911 sua
2241 2846 2501 2913 Terentii
2528 2854 2798 2931 noverca,

417 2958 552 3086 3⁸⁸⁸
563 2871 996 3088 ἔξω
1020 2934 1343 3089 mgg
1364 2930 2053 3085 miserat
2086 2932 2799 3089 ‘zzmfflfflfifistae
2821 2948 3001 3017 [¹³⁰³

418 3045 693 3175 'Il'bnrgxdtid
737 3046 1108 3195 ffipfffleffso
1125 3045 1211 3145 n‘j
1223 3108 1363 3193 quia
1390 3105 1714 3192 paternus”
1745 3104 1943 3204 inquit
1970 3040 2226 3172 Fidbhiis
2277 3113 2319 3143 “
2336 3130 2500 3174 amor
2516 3072 2638 3176 ’me
2679 3048 2803 3178 rigi:

420 3196 562 3261 sinit
592 3197 774 3282 digna
801 3200 976 3282 paena
1023 3195 1327 3283 perfidiam
1375 3202 1545 3257 tuam
1593 3192 1820 3272 ulcisci,
1851 3193 1945 3257 h1s
1972 3200 2033 3257 te
2083 3194 2331 3274 tradam,
2363 3196 2581 3282 quibus
2608 3205 2681 3262 tu
2707 3222 2803 3265 me

419 3306 546 3349 eras
571 3284 917 3365 traditurus,
961 3291 1033 3349 ut
1061 3285 1216 3349 sicut
1241 3288 1546 3368 paternam
1589 3280 1869 3365 pietatem
1902 3302 1963 3345 es
1993 3289 2289 3367 expertus,
2318 3282 2404 3348 ita
2431 3284 2661 3351 hostilis
2689 3286 2800 3351 hu-

421 3370 720 3436 manitatis
747 3371 926 3437 facias
955 3368 1347 3457 periculum.’'
1391 3368 1703 3433 Terentius
1731 3366 2147 3433 Dubhlinnam
2175 3369 2411 3435 vinctus
2428 3371 2657 3437 delatus
2673 3396 2797 3439 non

418 3456 596 3522 modo
625 3480 689 3523 se
715 3457 864 3523 falso
895 3458 1139 3524 crimine
1186 3455 1482 3543 purgavit,
1514 3454 1618 3519 sed
1659 3460 1850 3519 totam
1892 3454 2173 3520 familiam
2201 3456 2378 3542 longe
2406 3456 2795 3525 honorificen-

417 3544 647 3609 tissima
695 3552 886 3611 morte
935 3543 1381 3622 cohonestavit3
1426 3564 1566 3607 nam
1601 3562 1756 3627 saepe
1798 3540 1874 3605 ab
1918 3542 2133 3627 Anglis
2178 3550 2423 3628 rogatus
2451 3551 2512 3609 et
2538 3548 2797 3631 praemiis

415 3630 701 3696 invitatus
727 3638 800 3696 ut
825 3632 1005 3717 regiae
1034 3637 1210 3697 sectae
1238 3627 1648 3706 subscriberet,
1679 3627 1892 3692 maluit
1940 3626 2305 3693 Catholicam
2333 3629 2556 3696 Christi
2603 3632 2798 3719 legem

417 3718 702 3783 confitens
751 3718 964 3784 acerbo
1013 3716 1304 3804 supplicio
1349 3714 1521 3794 mori,
1553 3735 1730 3798 quam
1773 3724 1999 3797 negans
2041 3714 2274 3794 vivere3
2318 3718 2473 3799 patri
2503 3720 2799 3805 praecipue

416 3804 582 3870 triste
610 3805 704 3869 sui
733 3805 1088 3871 desiderium
1130 3804 1490 3887 relinquens,
1520 3800 1624 3887 qui
1653 3800 1816 3865 brevi
1846 3818 2102 3884 quoque,
2147 3800 2399 3885 quodam
2432 3825 2608 3888 quem
2636 3806 2797 3873 fidis-

484 4000 510 4027 ·
550 3996 656 4051 See
697 3996 853 4050 Four
897 3994 1162 4053 Masters,·
1191 4008 1246 4062 p.
1293 3988 1450 4053 1595,
1494 3986 1615 4041 who
1657 3985 1814 4039 differ
1850 3986 1907 4039 in
1949 4002 2097 4040 some
2132 3986 2325 4042 details
2366 3988 2510 4043 from
2535 4009 2638 4048 our
2662 4002 2797 4053 text.

414 4068 537 4123 an.
569 4072 654 4129 16,
680 4068 904 4139 Deputy
929 4063 1152 4119 Russell
1185 4058 1446 4115 marched
1467 4066 1526 4111 to
1553 4056 1887 4119 Ballinacor‚
1911 4058 2017 4110 and
2052 4058 2383 4129 proclaimed
2410 4062 2529 4116 O’B
2566 4082 2665 4119 rne
2688 4069 2793 4122 and

417 4141 508 4194 the
536 4139 863 4193 Geraldines
886 4136 1130 4191 traitors.
1205 4131 1296 4188 On
1317 4131 1412 4185 the
1435 4128 1568 4183 soth
1594 4128 1659 4182 of
1673 4130 1919 4199 January
1936 4128 2031 4182 the
2047 4130 2277 4184 traitors
2294 4131 2504 4187 bui-ned
2572 4138 2793 4202 rumlin,

415 4210 602 4265 within
626 4218 722 4264 ten
745 4208 900 4263 miles
924 4204 990 4261 of
1007 4204 1250 4260 Dublim
1289 4202 1346 4256 in
1387 4200 1674 4270 February
1700 4199 1794 4253 the
1834 4198 2055 4271 Deputy
2093 4203 2357 4255 returned
2398 4211 2459 4258 to
2504 4205 2791 4274 Wicklow,

415 4282 546 4336 took
585 4282 694 4335 and
729 4280 836 4334 han
875 4279 944 4332 ed
989 4274 1198 4331 Gerald
1235 4274 1343 4327 and
1382 4271 1570 4325 James
1597 4268 1913 4332 Geraldine,
1952 4270 2206 4325 brothers
2241 4272 2308 4326 of
2343 4272 2575 4344 Walter,
2599 4281 2709 4333 and
2732 4281 2789 4335 in

415 4352 578 4424 April
601 4352 790 4405 brown
890 4350 1030 4403 alter
1055 4344 1277 4401 himself
1291 4360 1402 4398 was
1424 4342 1586 4397 taken
1612 4340 1720 4395 and
1755 4341 1969 4412 hanged
1992 4342 2049 4395 in
2074 4342 2275 4397 chains.
2350 4348 2479 4413 002,
2505 4366 2559 4419 p.
2589 4354 2714 4405 405.

482 4424 526 4495 1·
561 4422 654 4477 He
675 4421 974 4475 submitted
995 4418 1101 4474 and
1123 4432 1236 4471 was
1257 4413 1554 4487 pardoned,
1576 4412 1718 4465 Nom
1753 4416 1806 4473 9,
1838 4414 1989 4465 1595.
2064 4412 2357 4484 Surprised
2378 4417 2486 4472 and
2504 4423 2669 4475 razed
2693 4422 2789 4478 the

416 4492 530 4547 fort
570 4493 636 4549 of
669 4494 1006 4554 Ballinacor,
1050 4491 1290 4561 August,
1337 4487 1490 4547 1596,
1529 4482 1636 4537 and
1677 4482 1822 4536 after
1844 4500 2005 4553 many
2030 4482 2231 4537 battles
2262 4502 2373 4539 was
2412 4488 2578 4544 killed
2600 4493 2670 4564 by
2692 4494 2787 4549 the

415 4562 670 4637 English,
695 4564 828 4636 May
851 4562 1088 4627 8,1597.
1171 4559 1305 4625 Cox,
1345 4559 1471 4618 408,
1508 4556 1636 4619 411,
1673 4556 1798 4606 412.
1871 4553 2019 4606 Four
2056 4554 2315 4637 Macen,
2349 4574 2402 4626 p.
2427 4562 2587 4627 2007,
2632 4566 2790 4625 2017.

421 4634 526 4689 See
549 4636 704 4689 there
733 4636 822 4689 the
862 4632 1186 4701 interesting
1226 4628 1422 4684 details
1463 4643 1535 4679 on
1574 4624 1670 4679 the
1710 4623 1969 4693 O’Byrne
2008 4622 2210 4695 family.
2284 4626 2458 4683 Fiach
2484 4650 2591 4687 was
2616 4638 2791 4692 called

421 4713 460 4739 “
477 4706 566 4761 the
589 4706 866 4759 flrebrand
888 4706 954 4760 of
985 4704 1080 4758 the
1117 4700 1479 4755 mannaim-'⁹
1548 4694 1616 4749 In
1640 4694 1725 4749 his
1749 4695 1915 4748 latter
1938 4711 2097 4765 years
2118 4694 2185 4749 he
2208 4714 2317 4751 was
2353 4701 2537 4776 acting
2570 4706 2627 4761 in
2665 4728 2788 4765 con-

411 4776 664 4845 junctior:
691 4778 824 4831 with
845 4778 940 4831 the
961 4774 1248 4829 Nou-thern
1275 4770 1433 4826 Irish.
1581 4828 1590 4837 ,

489 4848 522 4914 :t
560 4847 753 4902 Taken
777 4848 924 4918 May,
955 4848 1104 4900 1595.
1183 4846 1310 4909 Cot,
1333 4861 1386 4914 p.
1409 4842 1538 4895 405.·
1611 4834 1703 4892 No
1727 4835 1927 4891 record
1952 4835 2017 4891 of
2032 4836 2131 4891 her
2155 4838 2507 4900 unfortunate
2522 4854 2755 4921 stepson.
