3634 5842
416 725 552 771 car.
598 708 776 793 v111.]
1125 730 1212 775 ns
1257 730 1460 779 nanno
1505 732 1871 783 Qumnecnt
1918 732 2249 777 Annorum.
2666 714 2791 777 179

411 879 684 945 hortibus
713 890 848 947 octo
879 890 940 947 et
966 883 1195 970 aliquot
1214 884 1515 971 equitibus
1549 884 1929 971 intercipiens
1946 892 2240 951 nocturno
2261 884 2462 970 praelio
2491 884 2793 969 opprimit,

411 974 920 1054 commeatumque
949 972 1125 1056 capit.
1243 972 1490 1037 Postero
1520 970 1616 1035 die
1645 969 1757 1036 sub
1785 971 1939 1037 lucis
1967 980 2257 1048 exortum,
2288 978 2519 1057 partem
2547 992 2791 1034 suorum

410 1054 679 1137 equitum
707 1064 768 1121 et
795 1056 1062 1142 peditum
1090 1058 1426 1143 Anglorum
1473 1057 1739 1123 vestibus
1765 1058 2037 1123 indutam
2068 1065 2129 1123 et
2156 1082 2221 1123 ca
2266 1066 2329 1123 ta
2356 1059 2527 1143 signa
2555 1063 2790 1141 gestan-

409 1146 534 1204 tem
581 1150 974 1209 commeatum
1025 1144 1102 1209 ad
1148 1145 1436 1231 oppidum
1479 1166 1686 1215 yersus
1731 1167 1905 1229 agere
1947 1145 2139 1231 jubet.
2225 1082 2369 1230 'ipse
2398 1166 2535 1210 cum
2564 1144 2791 1209 caeteris

409 1250 660 1313 sequens
687 1230 882 1295 fictam
912 1238 1090 1315 atque
1118 1231 1452 1297 simulatam
1479 1252 1744 1317 pugnam
1765 1232 1897 1297 init.
1960 1232 2015 1297 Ε
2059 1232 2212 1296 uites
2240 1232 2521 1317 utrinque
2550 1228 2789 1295 dextere

407 1324 822 1381 concurrentes
849 1317 914 1383 in
943 1317 1140 1383 loricis
1168 1319 1368 1385 hastas
1393 1317 1720 1403 frangunt:
1765 1317 1985 1383 bomba
2056 1342 2107 1383 ae
2134 1317 2337 1383 crebro
2367 1316 2786 1403 exploduntur,

410 1400 484 1465 ad
514 1423 768 1487 quorum
798 1405 1060 1470 sonitum
1088 1410 1150 1470 et
1175 1406 1471 1471 flammam
1498 1404 1718 1470 milites
1746 1405 1969 1471 cadunt
1994 1404 2183 1470 illaesi.
2274 1404 2455 1476 Quod
2485 1403 2787 1489 conspica-

407 1494 508 1553 tus
537 1488 868 1556 Staffurdus
913 1490 1314 1558 Ardmachani
1341 1491 1600 1577 praeeidii
1627 1492 1941 1577 praefectus
1984 1491 2291 1557 dimidiam
2332 1506 2559 1576 partem
2588 1489 2789 1575 praesi-

391 1573 728 1661 ‚diariorum
775 1576 1175 1643 adferentibus
1223 1584 1614 1645 commeatum
1659 1580 1959 1665 suppetias
1986 1578 2175 1643 latum
2203 1578 2408 1643 mittit.
2495 1575 2687 1642 Abest
2714 1575 2789 1642 ab

405 1662 743 1729 Ardmacha
761 1662 1100 1731 bombardae
1121 1666 1290 1751 jactu
1303 1665 1747 1745 monasterium,
1767 1664 1929 1751 quod
1946 1664 2333 1751 prasidiarios
2348 1670 2790 1751 praetergressos

407 1770 444 1813 a
468 1756 637 1835 tergo
666 1751 931 1817 adoritur
980 1751 1245 1823 Quintus
1289 1751 1534 1817 O’Nelli
1573 1750 1733 1817 filius
1781 1752 1847 1819 in
1895 1753 2252 1817 monasterio
2302 1773 2439 1816 cum
2530 1748 2789 1815 editibus

407 1834 632 1923 aliquot
658 1837 725 1903 in
749 1838 980 1905 insidiis
1011 1838 1352 1918 collocatus,
1380 1845 1443 1905 et
1471 1862 1544 1904 ex
1571 1837 1753 1905 altera
1779 1844 1947 1924 parte
1974 1837 2269 1903 O'Nellus
2311 1859 2451 1903 cum
2525 1837 2538 1849 '
2600 1836 2789 1901 omni·

407 1920 520 1987 bus
549 1924 654 2009 qui
679 1924 816 1990 ficte
841 1924 1210 2011 pugnabant,
1233 1925 1520 1993 invadens
1545 1927 1612 1991 in
1643 1932 1967 2012 conspectu
1996 1924 2278 1991 Staffurdi
2307 1924 2483 1989 delet.
2572 1922 2789 2008 Neque

408 2008 636 2077 dudum
691 2018 830 2097 post
885 2012 1217 2079 Stafl'urdus
1273 2014 1402 2099 ipse
1455 2012 1858 2079 Ardmacham
1902 2011 1979 2077 O’
1984 2012 2049 2077 N
2048 2012 2163 2077 ello
2214 2011 2380 2078 dedit
2423 2010 2630 2097 inopia
2670 2008 2789 2075 cibi

411 2104 648 2163 coactus
676 2104 738 2163 et
765 2098 842 2164 ad
869 2122 1008 2165 suos
1036 2122 1110 2165 ex
1135 2107 1312 2186 pacto
1341 2100 1680 2166 dimittitur.

491 2183 682 2251 Abest
708 2185 784 2253 ab
811 2186 1150 2253 Ardmacha
1193 2186 1457 2252 millibus
1495 2208 1779 2273 passuum
1807 2186 2023 2272 viginti
2052 2191 2327 2271 quatuor,
2356 2190 2419 2249 et
2446 2182 2589 2249 Iure
2630 2187 2787 2260 octo,

405 2270 774 2354 Carlinnum,
800 2273 1105 2339 castellum
1135 2282 1346 2339 natura
1365 2280 1426 2340 et
1454 2296 1630 2359 opere
1655 2273 1957 2338 munitum
1984 2272 2217 2338 flumini
2258 2271 2595 2349 imminens,
2666 2270 2787 2333 uod

407 2380 442 2421 a
469 2358 712 2425 dimidia
740 2360 982 2425 cohorte
1009 2360 1344 2446 Anglorum
1395 2360 1741 2440 tenebatur-3
1786 2358 2005 2445 quibus
2032 2381 2171 2425 cum
2199 2364 2325 2423 erat
2351 2358 2609 2423 'l'homas
2625 2290 2785 2421 1l(el-

404 2442 614 2509 lodeus
643 2455 706 2510 et
733 2445 832 2510 alii
861 2452 996 2511 octo
1024 2446 1248 2511 Iberni.
1335 2447 1592 2512 Thomas
1619 2470 1695 2512 ex
1721 2456 1899 2533 pacto
1921 2445 2081 2531 quod
2098 2468 2237 2511 cum
2264 2444 2342 2510 O’
2351 2444 2409 2509 N
2412 2443 2526 2509 ello
2552 2443 2784 2521 inierat,

405 2552 542 2595 cum
573 2531 696 2595 suis
725 2538 860 2597 octo
889 2532 1123 2598 Ibernis
1163 2533 1403 2617 ,Anglos
1444 2534 1529 2598 im
1569 2534 1763 2598 roviso
1806 2555 1840 2597 a
2046 2554 2119 2597 us
2147 2554 2250 2597 sex
2278 2530 2514 2608 occidit,
2544 2537 2787 2594 coeoeros

404 2618 646 2681 castello
675 2640 748 2683 ex
873 2618 935 2682 ‘t.
1022 2618 1165 2683 Fuit
1193 2618 1268 2684 O'
1275 2618 1336 2683 N
1339 2619 1488 2684 ellus
1609 2641 1760 2684 omae
1787 2641 1867 2704 po
1916 2618 2087 2684 ‘citus
2116 2640 2186 2683 ea
2210 2624 2388 2682 nocte
2437 2617 2511 2682 ad
2562 2614 2785 2701 gallici-

403 2704 572 2767 nium
601 2726 665 2767 se
797 2702 1102 2769 castellum
1145 2704 1549 2791 recipiendum
1588 2712 1928 2783 venturum,
1972 2712 2033 2769 et
2058 2704 2317 2769 Thomas
2345 2723 2532 2787 usque
2559 2700 2635 2765 ad
2661 2724 2785 2767 ma·-

404 2790 672 2853 tutinum
727 2790 1138 2875 crepusculum
1193 2792 1261 2855 in
1315 2792 1555 2857 castello
1613 2792 1963 2877 expectavit.
2052 2789 2313 2855 O'Nello
2368 2809 2507 2853 vero
2558 2787 2784 2851 diutius

403 2883 721 2941 cunctante
750 2876 1058 2942 castellum
1107 2877 1380 2944 deserens
1427 2878 1605 2963 fugit.
1691 2876 1951 2943 Albente
1993 2876 2138 2943 caelo
2168 2875 2463 2941 O'Nellus
2490 2879 2630 2938 ante
2658 2896 2785 2938 cas·

403 2962 612 3028 tellum
642 2986 782 3029 cum
809 2965 934 3029 suis
961 2964 1147 3051 copiis
1175 2965 1463 3046 consistit,
1494 2972 1554 3030 et
1580 2964 1804 3030 veritus
1832 2986 1911 3029 ne
1952 2969 2107 3029 esset
2136 2962 2211 3029 ab
2240 2960 2457 3047 Anglis
2484 2966 2783 3028 retentum

444 3049 675 3135 roprius
703 3050 977 3117 accedere
1003 3074 1127 3117 non
1156 3051 1353 3131 audet,
1385 3050 1574 3117 donec
1603 3074 1638 3117 a
1664 3050 1896 3117 Thoma
1937 3050 2111 3115 detur
2160 3050 2419 3136 signum.
2464 3046 2650 3132 Angli
2718 3046 2784 3111 ui

401 3072 639 3202 {nerant
687 3137 928 3203 castello
978 3139 1169 3226 ejecti,
1200 3140 1524 3225 conspicati
1569 3138 1897 3205 O'Nellum
1940 3138 2359 3203 consistentem
2389 3141 2451 3202 et
2478 3156 2513 3199 e
2541 3140 2699 3200 caste
2744 3156 2781 3199 o

404 3223 642 3308 signum
671 3247 794 3290 non
823 3224 967 3304 dari,
997 3226 1112 3291 rati
1153 3225 1218 3291 id
1264 3227 1426 3311 quod
1453 3233 1598 3306 erat,
1627 3224 1933 3291 castellum
1964 3248 2000 3291 a
2027 3224 2261 3289 Thoma
2308 3224 2491 3288 fuisse
2541 3220 2781 3287 derelic-

404 3316 553 3463 tnffi,
575 3312 696 3440 {2³⁸5
721 3312 874 3379 illud
902 3334 1156 3378 vacuum
1183 3314 1434 3401 ingressi
1461 3312 1807 3380 defendunt.
1898 3310 2195 3378 O'Nellus
2222 3333 2291 3376 ea
2319 3332 2423 3396 spe
2465 3310 2783 3375 frustratus

403 3418 466 3461 re
512 3398 572 3463 't.

1385 3808 1565 3875 CAP.
1612 3806 1802 3873 VIII.

507 4013 708 4069 Non-is
731 4010 1102 4069 Ardmacham
1125 4007 1361 4062 secundo
1387 4012 1649 4077 occupat:
1690 4002 2006 4057 Non-isium
2031 4000 2424 4055 munimentum
2449 4000 2668 4054 condit:

854 4090 1152 4151 utrumque
1174 4078 1409 4143 amittitg
1445 4094 1569 4132 oum
1596 4074 1839 4132 O'Nello
1866 4072 2105 4127 infauste
2127 4079 2356 4144 pugnat.

401 4258 651 4325 Immt
678 4255 894 4323 Nori-is
923 4276 1060 4321 cum
1089 4250 1380 4318 universis
1407 4249 1594 4335 copiis
1621 4246 2021 4314 Ardmacham
2049 4252 2255 4331 petens
2286 4243 2360 4310 ab
2390 4242 2649 4309 &Nello
2679 4242 2777 4307 de-

402 4354 616 4413 sertam
633 4343 904 4431 praesidio
921 4340 1258 4408 cohortium
1277 4344 1550 4423 quatuor,
1568 4334 1786 4420 quibus
1809 4333 2142 4399 Henricum
2170 4332 2492 4396 Daversem
2520 4330 2779 4415 equitem

403 4439 674 4499 auratum
702 4430 982 4517 praefecit,
1011 4427 1228 4494 munit.
1317 4424 1472 4490 Inde
1513 4423 1885 4488 Portmorem
1912 4420 2001 4485 ire
2027 4417 2391 4484 contendens
2434 4439 2571 4482 eum
2600 4418 2775 4482 etiam

401 4520 618 4599 locum,
650 4517 724 4584 ab
755 4515 1015 4583 O’Nello
1044 4512 1284 4579 castello
1313 4510 1533 4589 diruto,
1565 4514 1627 4574 et
1653 4507 1883 4573 aedibus
1912 4505 2167 4571 incensis
2196 4510 2465 4591 occupat.
2512 4503 2779 4569 Ulterius

475 4690 500 4714 0
535 4686 653 4742 For
675 4687 769 4741 the
791 4684 1026 4759 English
1052 4682 1265 4739 version
1290 4680 1356 4735 of
1389 4694 1538 4733 some
1561 4677 1627 4731 of
1657 4676 1753 4731 the
1777 4676 1917 4732 facts
1940 4676 1995 4729 in
2018 4674 2115 4729 the
2152 4681 2260 4728 two
2284 4675 2579 4747 preceding
2623 4675 2784 4748 chap-

403 4766 536 4821 ters,
561 4776 648 4812 see
675 4756 960 4812 Oamden's
985 4754 1298 4817 Elisabeth,
1323 4750 1468 4806 A.D.
1497 4751 1652 4803 1596.
