<?xml version="1.0" encoding="UTF-8"?>
<!DOCTYPE html PUBLIC "-//W3C//DTD XHTML 1.0 Transitional//EN"
    "http://www.w3.org/TR/xhtml1/DTD/xhtml1-transitional.dtd">
<html xmlns="http://www.w3.org/1999/xhtml" xml:lang="en" lang="en">
 <head>
  <title>
</title>
<meta http-equiv="Content-Type" content="text/html;charset=utf-8" />
  <meta name='ocr-system' content='tesseract 3.04.00' />
  <meta name='ocr-capabilities' content='ocr_page ocr_carea ocr_par ocr_line ocrx_word'/>
</head>
<body>
  <div class='ocr_page' id='page_1' title='image "./historicatholic00kellgoog_0101.png"; bbox 0 0 3634 5842; ppageno 0'>
   <div class='ocr_carea' id='block_1_1' title="bbox 303 695 2661 778">
    <p class='ocr_par' dir='ltr' id='par_1_1' title="bbox 303 695 2661 778">
     <span class='ocr_line' id='line_1_1' title="bbox 303 695 2661 778; baseline -0.002 -18"><span class='ocrx_word' id='word_1_1' title='bbox 303 716 438 760; x_wconf 60' lang='lat' dir='ltr'><strong>car.</strong></span> <span class='ocrx_word' id='word_1_2' title='bbox 471 697 586 778; x_wconf 90' lang='lat' dir='ltr'><strong>v1.)</strong></span> <span class='ocrx_word' id='word_1_3' title='bbox 825 712 1094 757; x_wconf 65' lang='lat' dir='ltr'><strong>insama</strong></span> <span class='ocrx_word' id='word_1_4' title='bbox 1121 711 1428 761; x_wconf 74' lang='lat' dir='ltr'><strong>Quouono</strong></span> <span class='ocrx_word' id='word_1_5' title='bbox 1459 711 1539 756; x_wconf 75' lang='lat' dir='ltr'><strong>AB</strong></span> <span class='ocrx_word' id='word_1_6' title='bbox 1571 712 1798 757; x_wconf 67' lang='lat' dir='ltr'><strong>Ancus</strong></span> <span class='ocrx_word' id='word_1_7' title='bbox 1829 713 2125 758; x_wconf 59' lang='lat' dir='ltr'><strong>ommim.</strong></span> <span class='ocrx_word' id='word_1_8' title='bbox 2584 695 2661 756; x_wconf 86' lang='lat'><strong>65</strong></span> 
     </span>
    </p>
   </div>
   <div class='ocr_carea' id='block_1_2' title="bbox 297 863 2665 1124">
    <p class='ocr_par' dir='ltr' id='par_1_2' title="bbox 297 863 2665 1124">
     <span class='ocr_line' id='line_1_2' title="bbox 301 863 2665 952; baseline -0.003 -18"><span class='ocrx_word' id='word_1_9' title='bbox 301 867 656 934; x_wconf 88' lang='lat' dir='ltr'><strong>Ibernorum</strong></span> <span class='ocrx_word' id='word_1_10' title='bbox 686 865 1132 930; x_wconf 88' lang='lat' dir='ltr'><strong>Ultoniensium</strong></span> <span class='ocrx_word' id='word_1_11' title='bbox 1173 866 1439 930; x_wconf 75' lang='lat' dir='ltr'><strong>fortunas</strong></span> <span class='ocrx_word' id='word_1_12' title='bbox 1481 871 1655 951; x_wconf 90' lang='lat' dir='ltr'><strong>atque</strong></span> <span class='ocrx_word' id='word_1_13' title='bbox 1698 868 2095 952; x_wconf 85' lang='lat' dir='ltr'><strong>possessiones</strong></span> <span class='ocrx_word' id='word_1_14' title='bbox 2128 863 2451 930; x_wconf 87' lang='lat' dir='ltr'><strong>invadunt:</strong></span> <span class='ocrx_word' id='word_1_15' title='bbox 2497 863 2575 928; x_wconf 92' lang='lat' dir='ltr'><strong>ob</strong></span> <span class='ocrx_word' id='word_1_16' title='bbox 2603 865 2665 929; x_wconf 92' lang='lat' dir='ltr'><strong>id</strong></span> 
     </span>
     <span class='ocr_line' id='line_1_3' title="bbox 297 950 2657 1018; baseline -0.002 0"><span class='ocrx_word' id='word_1_17' title='bbox 297 954 512 1018; x_wconf 87' lang='lat' dir='ltr'><strong>horum</strong></span> <span class='ocrx_word' id='word_1_18' title='bbox 541 953 815 1018; x_wconf 87' lang='lat' dir='ltr'><strong>nonnulli</strong></span> <span class='ocrx_word' id='word_1_19' title='bbox 845 953 1128 1016; x_wconf 89' lang='lat' dir='ltr'><strong>resistunt</strong></span> <span class='ocrx_word' id='word_1_20' title='bbox 1155 958 1216 1016; x_wconf 92' lang='lat' dir='ltr'><strong>et</strong></span> <span class='ocrx_word' id='word_1_21' title='bbox 1243 950 1543 1016; x_wconf 79' lang='lat' dir='ltr'><strong>rebellant.</strong></span> <span class='ocrx_word' id='word_1_22' title='bbox 1661 953 1776 1017; x_wconf 84' lang='lat' dir='ltr'><strong>Sed</strong></span> <span class='ocrx_word' id='word_1_23' title='bbox 1806 953 2023 1016; x_wconf 90' lang='lat' dir='ltr'><strong>iterum</strong></span> <span class='ocrx_word' id='word_1_24' title='bbox 2050 974 2211 1017; x_wconf 88' lang='lat' dir='ltr'><strong>arma</strong></span> <span class='ocrx_word' id='word_1_25' title='bbox 2240 951 2313 1016; x_wconf 90' lang='lat' dir='ltr'><strong>de</strong></span> <span class='ocrx_word' id='word_1_26' title='bbox 2354 973 2531 1015; x_wconf 90' lang='lat' dir='ltr'><strong>onere</strong></span> <span class='ocrx_word' id='word_1_27' title='bbox 2560 973 2657 1016; x_wconf 83' lang='lat' dir='ltr'><strong>ex-</strong></span> 
     </span>
     <span class='ocr_line' id='line_1_4' title="bbox 299 975 2661 1124; baseline -0.002 -20"><span class='ocrx_word' id='word_1_28' title='bbox 299 1039 852 1106; x_wconf 88' lang='lat' dir='ltr'><strong>communicationis</strong></span> <span class='ocrx_word' id='word_1_29' title='bbox 882 1060 1160 1104; x_wconf 88' lang='lat' dir='ltr'><strong>mucrone</strong></span> <span class='ocrx_word' id='word_1_30' title='bbox 1180 1044 1474 1124; x_wconf 84' lang='lat' dir='ltr'><strong>coguntur</strong></span> <span class='ocrx_word' id='word_1_31' title='bbox 1501 1061 1538 1103; x_wconf 97' lang='lat' dir='ltr'><strong>a</strong></span> <span class='ocrx_word' id='word_1_32' title='bbox 1556 1038 1810 1104; x_wconf 84' lang='lat' dir='ltr'><strong>Viviano</strong></span> <span class='ocrx_word' id='word_1_33' title='bbox 1834 1039 2087 1104; x_wconf 85' lang='lat' dir='ltr'><strong>Romani</strong></span> <span class='ocrx_word' id='word_1_34' title='bbox 2116 975 2420 1103; x_wconf 63' lang='lat' dir='ltr'><strong>Pontifibis</strong></span> <span class='ocrx_word' id='word_1_35' title='bbox 2446 1036 2661 1122; x_wconf 78' lang='lat' dir='ltr'><strong>legato.</strong></span> 
     </span>
    </p>
   </div>
   <div class='ocr_carea' id='block_1_3' title="bbox 1317 1511 1661 1578">
    <p class='ocr_par' dir='ltr' id='par_1_3' title="bbox 1317 1511 1661 1578">
     <span class='ocr_line' id='line_1_5' title="bbox 1317 1511 1661 1578; baseline 0 -2"><span class='ocrx_word' id='word_1_36' title='bbox 1317 1511 1499 1577; x_wconf 87' lang='lat' dir='ltr'>CAP.</span> <span class='ocrx_word' id='word_1_37' title='bbox 1545 1511 1661 1578; x_wconf 85' lang='lat' dir='ltr'><strong>VI.</strong></span> 
     </span>
    </p>
   </div>
   <div class='ocr_carea' id='block_1_4' title="bbox 718 1699 2234 1774">
    <p class='ocr_par' dir='ltr' id='par_1_4' title="bbox 718 1699 2234 1774">
     <span class='ocr_line' id='line_1_6' title="bbox 718 1699 2234 1774; baseline 0.002 -21"><span class='ocrx_word' id='word_1_38' title='bbox 718 1699 1040 1756; x_wconf 85' lang='lat' dir='ltr'><strong>Ibernorum</strong></span> <span class='ocrx_word' id='word_1_39' title='bbox 1055 1709 1240 1758; x_wconf 87' lang='lat' dir='ltr'><strong>vatum</strong></span> <span class='ocrx_word' id='word_1_40' title='bbox 1258 1704 1644 1774; x_wconf 76' lang='lat' dir='ltr'><strong>praesensiones</strong></span> <span class='ocrx_word' id='word_1_41' title='bbox 1663 1706 1728 1759; x_wconf 87' lang='lat' dir='ltr'><strong>de</strong></span> <span class='ocrx_word' id='word_1_42' title='bbox 1751 1703 1981 1759; x_wconf 78' lang='lat' dir='ltr'><strong>Iberniae</strong></span> <span class='ocrx_word' id='word_1_43' title='bbox 2008 1701 2234 1757; x_wconf 84' lang='lat' dir='ltr'><strong>excidio.</strong></span> 
     </span>
    </p>
   </div>
   <div class='ocr_carea' id='block_1_5' title="bbox 291 1870 2661 2220">
    <p class='ocr_par' dir='ltr' id='par_1_5' title="bbox 291 1870 2661 2220">
     <span class='ocr_line' id='line_1_7' title="bbox 299 1870 2661 1959; baseline -0.002 -21"><span class='ocrx_word' id='word_1_44' title='bbox 299 1870 413 1940; x_wconf 69' lang='lat' dir='ltr'><strong>Ira</strong></span> <span class='ocrx_word' id='word_1_45' title='bbox 455 1874 614 1940; x_wconf 87' lang='lat' dir='ltr'><strong>venit</strong></span> <span class='ocrx_word' id='word_1_46' title='bbox 655 1871 893 1938; x_wconf 89' lang='lat' dir='ltr'><strong>Ibernia</strong></span> <span class='ocrx_word' id='word_1_47' title='bbox 939 1875 1006 1938; x_wconf 87' lang='lat' dir='ltr'><strong>in</strong></span> <span class='ocrx_word' id='word_1_48' title='bbox 1053 1873 1388 1959; x_wconf 87' lang='lat' dir='ltr'><strong>Anglorum</strong></span> <span class='ocrx_word' id='word_1_49' title='bbox 1518 1881 1808 1942; x_wconf 84' lang='lat' dir='ltr'><strong>testatem.</strong></span> <span class='ocrx_word' id='word_1_50' title='bbox 1900 1875 2079 1946; x_wconf 80' lang='lat' dir='ltr'><strong>Quod</strong></span> <span class='ocrx_word' id='word_1_51' title='bbox 2108 1879 2244 1938; x_wconf 86' lang='lat' dir='ltr'><strong>ante</strong></span> <span class='ocrx_word' id='word_1_52' title='bbox 2272 1871 2374 1937; x_wconf 92' lang='lat' dir='ltr'><strong>lon</strong></span> <span class='ocrx_word' id='word_1_53' title='bbox 2417 1893 2449 1934; x_wconf 90' lang='lat' dir='ltr'><strong>e</strong></span> <span class='ocrx_word' id='word_1_54' title='bbox 2479 1891 2661 1934; x_wconf 86' lang='lat' dir='ltr'><strong>anno-</strong></span> 
     </span>
     <span class='ocr_line' id='line_1_8' title="bbox 295 1957 2655 2046; baseline -0.002 -20"><span class='ocrx_word' id='word_1_55' title='bbox 295 1983 430 2026; x_wconf 85' lang='lat' dir='ltr'><strong>rum</strong></span> <span class='ocrx_word' id='word_1_56' title='bbox 474 1959 689 2025; x_wconf 83' lang='lat' dir='ltr'><strong>saeculo</strong></span> <span class='ocrx_word' id='word_1_57' title='bbox 718 1958 922 2026; x_wconf 88' lang='lat' dir='ltr'><strong>Iberni</strong></span> <span class='ocrx_word' id='word_1_58' title='bbox 949 1966 1010 2024; x_wconf 92' lang='lat' dir='ltr'><strong>et</strong></span> <span class='ocrx_word' id='word_1_59' title='bbox 1038 1960 1290 2046; x_wconf 80' lang='lat' dir='ltr'><strong>gentiles</strong></span> <span class='ocrx_word' id='word_1_60' title='bbox 1320 1961 1440 2028; x_wconf 88' lang='lat' dir='ltr'><strong>ario</strong></span> <span class='ocrx_word' id='word_1_61' title='bbox 1468 1963 1483 1975; x_wconf 77' lang='lat'><em>⁰</em></span> <span class='ocrx_word' id='word_1_62' title='bbox 1515 1969 1575 2028; x_wconf 92' lang='lat' dir='ltr'><strong>et</strong></span> <span class='ocrx_word' id='word_1_63' title='bbox 1604 1963 1753 2028; x_wconf 88' lang='lat' dir='ltr'><strong>sacri</strong></span> <span class='ocrx_word' id='word_1_64' title='bbox 1797 1967 1977 2041; x_wconf 88' lang='lat' dir='ltr'><strong>vates,</strong></span> <span class='ocrx_word' id='word_1_65' title='bbox 2022 1957 2330 2038; x_wconf 87' lang='lat' dir='ltr'><strong>Columba,</strong></span> <span class='ocrx_word' id='word_1_66' title='bbox 2459 1962 2655 2035; x_wconf 85' lang='lat' dir='ltr'><strong>tanus,</strong></span> 
     </span>
     <span class='ocr_line' id='line_1_9' title="bbox 292 2044 2661 2136; baseline -0.003 -24"><span class='ocrx_word' id='word_1_67' title='bbox 292 2045 730 2126; x_wconf 86' lang='lat' dir='ltr'><strong>Bearchannus‚</strong></span> <span class='ocrx_word' id='word_1_68' title='bbox 785 2047 1062 2127; x_wconf 86' lang='lat' dir='ltr'><strong>Siannus,</strong></span> <span class='ocrx_word' id='word_1_69' title='bbox 1109 2052 1170 2112; x_wconf 91' lang='lat' dir='ltr'><strong>et</strong></span> <span class='ocrx_word' id='word_1_70' title='bbox 1219 2047 1318 2113; x_wconf 85' lang='lat' dir='ltr'><strong>alii</strong></span> <span class='ocrx_word' id='word_1_71' title='bbox 1409 2055 1572 2114; x_wconf 74' lang='lat' dir='ltr'><strong>orten</strong></span> <span class='ocrx_word' id='word_1_72' title='bbox 1580 2049 1794 2116; x_wconf 89' lang='lat' dir='ltr'><strong>derunt</strong></span> <span class='ocrx_word' id='word_1_73' title='bbox 1821 2055 1883 2113; x_wconf 92' lang='lat' dir='ltr'><strong>et</strong></span> <span class='ocrx_word' id='word_1_74' title='bbox 1908 2054 2106 2136; x_wconf 89' lang='lat' dir='ltr'><strong>aperte</strong></span> <span class='ocrx_word' id='word_1_75' title='bbox 2136 2046 2278 2111; x_wconf 87' lang='lat' dir='ltr'><strong>satis</strong></span> <span class='ocrx_word' id='word_1_76' title='bbox 2302 2044 2661 2126; x_wconf 71' lang='lat' dir='ltr'><strong>indicaverat</strong></span> 
     </span>
     <span class='ocr_line' id='line_1_10' title="bbox 291 2131 2661 2220; baseline -0.003 -21"><span class='ocrx_word' id='word_1_77' title='bbox 291 2131 440 2199; x_wconf 88' lang='lat' dir='ltr'><strong>illud</strong></span> <span class='ocrx_word' id='word_1_78' title='bbox 469 2141 530 2200; x_wconf 92' lang='lat' dir='ltr'><strong>et</strong></span> <span class='ocrx_word' id='word_1_79' title='bbox 556 2133 782 2199; x_wconf 82' lang='lat' dir='ltr'><strong>celebre</strong></span> <span class='ocrx_word' id='word_1_80' title='bbox 811 2135 1124 2214; x_wconf 89' lang='lat' dir='ltr'><strong>somnium,</strong></span> <span class='ocrx_word' id='word_1_81' title='bbox 1157 2134 1318 2220; x_wconf 90' lang='lat' dir='ltr'><strong>quod</strong></span> <span class='ocrx_word' id='word_1_82' title='bbox 1433 2136 1672 2202; x_wconf 84' lang='lat' dir='ltr'><strong>rmakus</strong></span> <span class='ocrx_word' id='word_1_83' title='bbox 1717 2136 1853 2201; x_wconf 89' lang='lat' dir='ltr'><strong>Arti</strong></span> <span class='ocrx_word' id='word_1_84' title='bbox 1880 2135 2037 2200; x_wconf 90' lang='lat' dir='ltr'><strong>filius</strong></span> <span class='ocrx_word' id='word_1_85' title='bbox 2064 2133 2319 2199; x_wconf 79' lang='lat' dir='ltr'><strong>Iberniae</strong></span> <span class='ocrx_word' id='word_1_86' title='bbox 2361 2136 2661 2217; x_wconf 80' lang='lat' dir='ltr'><strong>sceptrum</strong></span> 
     </span>
    </p>
   </div>
   <div class='ocr_carea' id='block_1_6' title="bbox 291 2217 2791 2307">
    <p class='ocr_par' dir='ltr' id='par_1_6' title="bbox 291 2217 2791 2307">
     <span class='ocr_line' id='line_1_11' title="bbox 291 2217 2791 2307; baseline -0.002 -22"><span class='ocrx_word' id='word_1_87' title='bbox 291 2243 502 2307; x_wconf 89' lang='lat' dir='ltr'><strong>gerens</strong></span> <span class='ocrx_word' id='word_1_88' title='bbox 529 2220 867 2286; x_wconf 89' lang='lat' dir='ltr'><strong>somniavit.</strong></span> <span class='ocrx_word' id='word_1_89' title='bbox 947 2220 1012 2286; x_wconf 91' lang='lat' dir='ltr'><strong>Is</strong></span> <span class='ocrx_word' id='word_1_90' title='bbox 1035 2243 1140 2306; x_wconf 90' lang='lat' dir='ltr'><strong>per</strong></span> <span class='ocrx_word' id='word_1_91' title='bbox 1169 2223 1425 2307; x_wconf 87' lang='lat' dir='ltr'><strong>quietem</strong></span> <span class='ocrx_word' id='word_1_92' title='bbox 1455 2223 1606 2289; x_wconf 88' lang='lat' dir='ltr'><strong>vidit</strong></span> <span class='ocrx_word' id='word_1_93' title='bbox 1633 2223 1698 2288; x_wconf 88' lang='lat' dir='ltr'><strong>in</strong></span> <span class='ocrx_word' id='word_1_94' title='bbox 1725 2221 2026 2288; x_wconf 90' lang='lat' dir='ltr'><strong>Iberniam</strong></span> <span class='ocrx_word' id='word_1_95' title='bbox 2054 2219 2295 2286; x_wconf 77' lang='lat' dir='ltr'><strong>classem</strong></span> <span class='ocrx_word' id='word_1_96' title='bbox 2325 2217 2657 2305; x_wconf 85' lang='lat' dir='ltr'><strong>appulisse:</strong></span> <span class='ocrx_word' id='word_1_97' title='bbox 2780 2233 2791 2246; x_wconf 91' lang='grc'><em>·</em></span> 
     </span>
    </p>
   </div>
   <div class='ocr_carea' id='block_1_7' title="bbox 281 2305 2660 4382">
    <p class='ocr_par' dir='ltr' id='par_1_7' title="bbox 281 2305 2660 4382">
     <span class='ocr_line' id='line_1_12' title="bbox 291 2305 2659 2394; baseline -0.002 -22"><span class='ocrx_word' id='word_1_98' title='bbox 291 2331 364 2372; x_wconf 82' lang='lat' dir='ltr'><strong>ex</strong></span> <span class='ocrx_word' id='word_1_99' title='bbox 389 2307 501 2374; x_wconf 92' lang='lat' dir='ltr'><strong>hac</strong></span> <span class='ocrx_word' id='word_1_100' title='bbox 531 2330 807 2394; x_wconf 85' lang='lat' dir='ltr'><strong>magnam</strong></span> <span class='ocrx_word' id='word_1_101' title='bbox 833 2306 1276 2374; x_wconf 83' lang='lat' dir='ltr'><strong>multitudinem</strong></span> <span class='ocrx_word' id='word_1_102' title='bbox 1307 2311 1507 2375; x_wconf 90' lang='lat' dir='ltr'><strong>ovium</strong></span> <span class='ocrx_word' id='word_1_103' title='bbox 1548 2311 1614 2376; x_wconf 92' lang='lat' dir='ltr'><strong>in</strong></span> <span class='ocrx_word' id='word_1_104' title='bbox 1655 2316 1869 2375; x_wconf 90' lang='lat' dir='ltr'><strong>terram</strong></span> <span class='ocrx_word' id='word_1_105' title='bbox 1912 2307 2298 2384; x_wconf 84' lang='lat' dir='ltr'><strong>descendisse,</strong></span> <span class='ocrx_word' id='word_1_106' title='bbox 2340 2327 2450 2369; x_wconf 90' lang='lat' dir='ltr'><strong>nec</strong></span> <span class='ocrx_word' id='word_1_107' title='bbox 2477 2305 2659 2368; x_wconf 86' lang='lat' dir='ltr'><strong>inter-</strong></span> 
     </span>
     <span class='ocr_line' id='line_1_13' title="bbox 289 2391 2660 2482; baseline -0.003 -22"><span class='ocrx_word' id='word_1_108' title='bbox 289 2395 486 2480; x_wconf 89' lang='lat' dir='ltr'><strong>posita</strong></span> <span class='ocrx_word' id='word_1_109' title='bbox 513 2418 681 2461; x_wconf 89' lang='lat' dir='ltr'><strong>mora</strong></span> <span class='ocrx_word' id='word_1_110' title='bbox 707 2417 780 2458; x_wconf 84' lang='lat' dir='ltr'><strong>ex</strong></span> <span class='ocrx_word' id='word_1_111' title='bbox 809 2393 1064 2460; x_wconf 81' lang='lat' dir='ltr'><strong>Iberniae</strong></span> <span class='ocrx_word' id='word_1_112' title='bbox 1093 2394 1270 2481; x_wconf 83' lang='lat' dir='ltr'><strong>sylvis</strong></span> <span class='ocrx_word' id='word_1_113' title='bbox 1299 2402 1359 2461; x_wconf 89' lang='lat' dir='ltr'><strong>et</strong></span> <span class='ocrx_word' id='word_1_114' title='bbox 1386 2396 1690 2463; x_wconf 87' lang='lat' dir='ltr'><strong>montibus</strong></span> <span class='ocrx_word' id='word_1_115' title='bbox 1711 2398 2013 2482; x_wconf 87' lang='lat' dir='ltr'><strong>ingentem</strong></span> <span class='ocrx_word' id='word_1_116' title='bbox 2041 2394 2316 2480; x_wconf 87' lang='lat' dir='ltr'><strong>luporum</strong></span> <span class='ocrx_word' id='word_1_117' title='bbox 2350 2392 2471 2455; x_wconf 88' lang='lat' dir='ltr'><strong>vim</strong></span> <span class='ocrx_word' id='word_1_118' title='bbox 2499 2391 2660 2455; x_wconf 89' lang='lat' dir='ltr'><strong>veni-</strong></span> 
     </span>
     <span class='ocr_line' id='line_1_14' title="bbox 291 2477 2659 2567; baseline -0.003 -21"><span class='ocrx_word' id='word_1_119' title='bbox 291 2489 490 2546; x_wconf 88' lang='lat' dir='ltr'><strong>entem</strong></span> <span class='ocrx_word' id='word_1_120' title='bbox 517 2480 728 2546; x_wconf 87' lang='lat' dir='ltr'><strong>ovibus</strong></span> <span class='ocrx_word' id='word_1_121' title='bbox 776 2481 913 2544; x_wconf 89' lang='lat' dir='ltr'><strong>iisse</strong></span> <span class='ocrx_word' id='word_1_122' title='bbox 957 2480 1226 2548; x_wconf 82' lang='lat' dir='ltr'><strong>obviam:</strong></span> <span class='ocrx_word' id='word_1_123' title='bbox 1271 2483 1542 2567; x_wconf 80' lang='lat' dir='ltr'><strong>praelium</strong></span> <span class='ocrx_word' id='word_1_124' title='bbox 1590 2483 1771 2548; x_wconf 84' lang='lat' dir='ltr'><strong>fuisse</strong></span> <span class='ocrx_word' id='word_1_125' title='bbox 1821 2483 2232 2548; x_wconf 88' lang='lat' dir='ltr'><strong>commissum:</strong></span> <span class='ocrx_word' id='word_1_126' title='bbox 2280 2483 2456 2564; x_wconf 88' lang='lat' dir='ltr'><strong>atque</strong></span> <span class='ocrx_word' id='word_1_127' title='bbox 2483 2477 2659 2563; x_wconf 88' lang='lat' dir='ltr'><strong>lupos</strong></span> 
     </span>
     <span class='ocr_line' id='line_1_15' title="bbox 291 2563 2659 2655; baseline -0.001 -24"><span class='ocrx_word' id='word_1_128' title='bbox 291 2567 532 2632; x_wconf 84' lang='lat' dir='ltr'><strong>tandem</strong></span> <span class='ocrx_word' id='word_1_129' title='bbox 560 2565 634 2630; x_wconf 89' lang='lat' dir='ltr'><strong>ab</strong></span> <span class='ocrx_word' id='word_1_130' title='bbox 663 2565 873 2630; x_wconf 87' lang='lat' dir='ltr'><strong>ovibus</strong></span> <span class='ocrx_word' id='word_1_131' title='bbox 901 2567 1064 2633; x_wconf 85' lang='lat' dir='ltr'><strong>fusos</strong></span> <span class='ocrx_word' id='word_1_132' title='bbox 1107 2575 1286 2653; x_wconf 89' lang='lat' dir='ltr'><strong>atque</strong></span> <span class='ocrx_word' id='word_1_133' title='bbox 1327 2570 1566 2655; x_wconf 84' lang='lat' dir='ltr'><strong>fugatos</strong></span> <span class='ocrx_word' id='word_1_134' title='bbox 1606 2570 1737 2635; x_wconf 93' lang='lat' dir='ltr'><strong>loco</strong></span> <span class='ocrx_word' id='word_1_135' title='bbox 1781 2569 2043 2635; x_wconf 87' lang='lat' dir='ltr'><strong>cessisse.</strong></span> <span class='ocrx_word' id='word_1_136' title='bbox 2130 2565 2269 2638; x_wconf 80' lang='lat' dir='ltr'><strong>Qua</strong></span> <span class='ocrx_word' id='word_1_137' title='bbox 2298 2564 2371 2629; x_wconf 91' lang='lat' dir='ltr'><strong>de</strong></span> <span class='ocrx_word' id='word_1_138' title='bbox 2397 2587 2463 2629; x_wconf 92' lang='lat' dir='ltr'><strong>re</strong></span> <span class='ocrx_word' id='word_1_139' title='bbox 2492 2563 2659 2628; x_wconf 89' lang='lat' dir='ltr'><strong>arioli</strong></span> 
     </span>
     <span class='ocr_line' id='line_1_16' title="bbox 293 2650 2655 2743; baseline -0.001 -26"><span class='ocrx_word' id='word_1_140' title='bbox 293 2652 550 2718; x_wconf 87' lang='lat' dir='ltr'><strong>consulti</strong></span> <span class='ocrx_word' id='word_1_141' title='bbox 591 2650 1041 2737; x_wconf 73' lang='lat' dir='ltr'><strong>responderunt,</strong></span> <span class='ocrx_word' id='word_1_142' title='bbox 1088 2655 1320 2720; x_wconf 88' lang='lat' dir='ltr'><strong>somnio</strong></span> <span class='ocrx_word' id='word_1_143' title='bbox 1360 2657 1516 2743; x_wconf 89' lang='lat' dir='ltr'><strong>regis</strong></span> <span class='ocrx_word' id='word_1_144' title='bbox 1554 2656 1786 2721; x_wconf 89' lang='lat' dir='ltr'><strong>ostendi</strong></span> <span class='ocrx_word' id='word_1_145' title='bbox 1834 2656 1901 2719; x_wconf 91' lang='lat' dir='ltr'><strong>in</strong></span> <span class='ocrx_word' id='word_1_146' title='bbox 1948 2653 2249 2720; x_wconf 89' lang='lat' dir='ltr'><strong>Iberniam</strong></span> <span class='ocrx_word' id='word_1_147' title='bbox 2292 2651 2655 2736; x_wconf 87' lang='lat' dir='ltr'><strong>alienigenas</strong></span> 
     </span>
     <span class='ocr_line' id='line_1_17' title="bbox 291 2736 2651 2823; baseline -0.003 -19"><span class='ocrx_word' id='word_1_148' title='bbox 291 2745 575 2804; x_wconf 85' lang='lat' dir='ltr'><strong>venturos</strong></span> <span class='ocrx_word' id='word_1_149' title='bbox 653 2737 858 2817; x_wconf 84' lang='lat' dir='ltr'><strong>fuisse,</strong></span> <span class='ocrx_word' id='word_1_150' title='bbox 909 2739 1013 2823; x_wconf 90' lang='lat' dir='ltr'><strong>qui</strong></span> <span class='ocrx_word' id='word_1_151' title='bbox 1073 2739 1386 2806; x_wconf 88' lang='lat' dir='ltr'><strong>verborum</strong></span> <span class='ocrx_word' id='word_1_152' title='bbox 1453 2741 1758 2820; x_wconf 85' lang='lat' dir='ltr'><strong>blanditia,</strong></span> <span class='ocrx_word' id='word_1_153' title='bbox 1810 2741 1949 2806; x_wconf 88' lang='lat' dir='ltr'><strong>ficta</strong></span> <span class='ocrx_word' id='word_1_154' title='bbox 2005 2745 2067 2804; x_wconf 89' lang='lat' dir='ltr'><strong>et</strong></span> <span class='ocrx_word' id='word_1_155' title='bbox 2115 2739 2315 2804; x_wconf 82' lang='lat' dir='ltr'><strong>fucata</strong></span> <span class='ocrx_word' id='word_1_156' title='bbox 2372 2736 2651 2814; x_wconf 87' lang='lat' dir='ltr'><strong>amicitia,</strong></span> 
     </span>
     <span class='ocr_line' id='line_1_18' title="bbox 288 2823 2655 2912; baseline -0.002 -22"><span class='ocrx_word' id='word_1_157' title='bbox 288 2824 438 2892; x_wconf 83' lang='lat' dir='ltr'><strong>falsa</strong></span> <span class='ocrx_word' id='word_1_158' title='bbox 464 2825 656 2912; x_wconf 91' lang='lat' dir='ltr'><strong>specie</strong></span> <span class='ocrx_word' id='word_1_159' title='bbox 682 2823 958 2890; x_wconf 86' lang='lat' dir='ltr'><strong>utilitatis</strong></span> <span class='ocrx_word' id='word_1_160' title='bbox 987 2824 1062 2892; x_wconf 88' lang='lat' dir='ltr'><strong>ab</strong></span> <span class='ocrx_word' id='word_1_161' title='bbox 1090 2825 1326 2892; x_wconf 89' lang='lat' dir='ltr'><strong>Ibernis</strong></span> <span class='ocrx_word' id='word_1_162' title='bbox 1353 2827 1522 2894; x_wconf 83' lang='lat' dir='ltr'><strong>facile</strong></span> <span class='ocrx_word' id='word_1_163' title='bbox 1550 2851 1690 2894; x_wconf 81' lang='lat' dir='ltr'><strong>exce</strong></span> <span class='ocrx_word' id='word_1_164' title='bbox 1732 2828 1783 2892; x_wconf 88' lang='lat' dir='ltr'><strong>ti</strong></span> <span class='ocrx_word' id='word_1_165' title='bbox 1807 2827 1978 2912; x_wconf 88' lang='lat' dir='ltr'><strong>regni</strong></span> <span class='ocrx_word' id='word_1_166' title='bbox 2005 2825 2250 2911; x_wconf 89' lang='lat' dir='ltr'><strong>imperio</strong></span> <span class='ocrx_word' id='word_1_167' title='bbox 2277 2823 2655 2909; x_wconf 82' lang='lat' dir='ltr'><strong>potirentur:</strong></span> 
     </span>
     <span class='ocr_line' id='line_1_19' title="bbox 288 2907 2654 3002; baseline -0.003 -24"><span class='ocrx_word' id='word_1_168' title='bbox 288 2921 350 2978; x_wconf 89' lang='lat' dir='ltr'><strong>et</strong></span> <span class='ocrx_word' id='word_1_169' title='bbox 375 2911 516 2977; x_wconf 90' lang='lat' dir='ltr'><strong>inde</strong></span> <span class='ocrx_word' id='word_1_170' title='bbox 545 2911 796 2978; x_wconf 88' lang='lat' dir='ltr'><strong>Ibernos</strong></span> <span class='ocrx_word' id='word_1_171' title='bbox 823 2913 981 2977; x_wconf 87' lang='lat' dir='ltr'><strong>viros</strong></span> <span class='ocrx_word' id='word_1_172' title='bbox 1011 2913 1194 2978; x_wconf 88' lang='lat' dir='ltr'><strong>animi</strong></span> <span class='ocrx_word' id='word_1_173' title='bbox 1220 2915 1596 3002; x_wconf 83' lang='lat' dir='ltr'><strong>corporisque</strong></span> <span class='ocrx_word' id='word_1_174' title='bbox 1636 2938 1702 2980; x_wconf 90' lang='lat' dir='ltr'><strong>ro</strong></span> <span class='ocrx_word' id='word_1_175' title='bbox 1745 2936 1847 2979; x_wconf 87' lang='lat' dir='ltr'><strong>ore</strong></span> <span class='ocrx_word' id='word_1_176' title='bbox 1888 2917 2235 3000; x_wconf 61' lang='lat' dir='ltr'><strong>praestantes</strong></span> <span class='ocrx_word' id='word_1_177' title='bbox 2276 2909 2450 2974; x_wconf 87' lang='lat' dir='ltr'><strong>variis</strong></span> <span class='ocrx_word' id='word_1_178' title='bbox 2482 2907 2654 2986; x_wconf 88' lang='lat' dir='ltr'><strong>dolis,</strong></span> 
     </span>
     <span class='ocr_line' id='line_1_20' title="bbox 287 2993 2657 3088; baseline -0.003 -24"><span class='ocrx_word' id='word_1_179' title='bbox 287 2999 594 3066; x_wconf 84' lang='lat' dir='ltr'><strong>fraudibus</strong></span> <span class='ocrx_word' id='word_1_180' title='bbox 622 3005 684 3065; x_wconf 91' lang='lat' dir='ltr'><strong>et</strong></span> <span class='ocrx_word' id='word_1_181' title='bbox 710 2997 938 3065; x_wconf 88' lang='lat' dir='ltr'><strong>artibus</strong></span> <span class='ocrx_word' id='word_1_182' title='bbox 981 3000 1220 3079; x_wconf 85' lang='lat' dir='ltr'><strong>sensim,</strong></span> <span class='ocrx_word' id='word_1_183' title='bbox 1251 3009 1312 3066; x_wconf 86' lang='lat' dir='ltr'><strong>et</strong></span> <span class='ocrx_word' id='word_1_184' title='bbox 1339 3001 1542 3066; x_wconf 87' lang='lat' dir='ltr'><strong>furtim</strong></span> <span class='ocrx_word' id='word_1_185' title='bbox 1573 3000 1887 3088; x_wconf 87' lang='lat' dir='ltr'><strong>perderent</strong></span> <span class='ocrx_word' id='word_1_186' title='bbox 1913 3023 1948 3066; x_wconf 90' lang='lat' dir='ltr'><strong>a</strong></span> <span class='ocrx_word' id='word_1_187' title='bbox 2014 3020 2090 3064; x_wconf 92' lang='lat' dir='ltr'><strong>ue</strong></span> <span class='ocrx_word' id='word_1_188' title='bbox 2119 2997 2399 3063; x_wconf 87' lang='lat' dir='ltr'><strong>delerent.</strong></span> <span class='ocrx_word' id='word_1_189' title='bbox 2474 2993 2657 3066; x_wconf 80' lang='lat' dir='ltr'><strong>Quod</strong></span> 
     </span>
     <span class='ocr_line' id='line_1_21' title="bbox 287 3080 2654 3172; baseline -0.004 -19"><span class='ocrx_word' id='word_1_190' title='bbox 287 3086 480 3172; x_wconf 90' lang='lat' dir='ltr'><strong>plane,</strong></span> <span class='ocrx_word' id='word_1_191' title='bbox 526 3087 768 3152; x_wconf 89' lang='lat' dir='ltr'><strong>minime</strong></span> <span class='ocrx_word' id='word_1_192' title='bbox 817 3108 988 3152; x_wconf 88' lang='lat' dir='ltr'><strong>secus</strong></span> <span class='ocrx_word' id='word_1_193' title='bbox 1036 3087 1307 3172; x_wconf 84' lang='lat' dir='ltr'><strong>contigit.</strong></span> <span class='ocrx_word' id='word_1_194' title='bbox 1397 3087 1560 3160; x_wconf 80' lang='lat' dir='ltr'><strong>Quid</strong></span> <span class='ocrx_word' id='word_1_195' title='bbox 1618 3089 1778 3154; x_wconf 90' lang='lat' dir='ltr'><strong>enim</strong></span> <span class='ocrx_word' id='word_1_196' title='bbox 1827 3085 1967 3152; x_wconf 87' lang='lat' dir='ltr'><strong>blan</strong></span> <span class='ocrx_word' id='word_1_197' title='bbox 2014 3087 2104 3151; x_wconf 86' lang='lat' dir='ltr'><strong>‘us</strong></span> <span class='ocrx_word' id='word_1_198' title='bbox 2159 3083 2262 3151; x_wconf 89' lang='lat' dir='ltr'><strong>illa</strong></span> <span class='ocrx_word' id='word_1_199' title='bbox 2317 3080 2654 3168; x_wconf 85' lang='lat' dir='ltr'><strong>Anglorum</strong></span> 
     </span>
     <span class='ocr_line' id='line_1_22' title="bbox 285 3166 2652 3326; baseline -0.003 -88"><span class='ocrx_word' id='word_1_200' title='bbox 285 3174 474 3326; x_wconf 67' lang='lat' dir='ltr'><strong>Erima</strong></span> <span class='ocrx_word' id='word_1_201' title='bbox 500 3173 913 3253; x_wconf 85' lang='lat' dir='ltr'><strong>familiaritate,</strong></span> <span class='ocrx_word' id='word_1_202' title='bbox 964 3178 1026 3238; x_wconf 91' lang='lat' dir='ltr'><strong>et</strong></span> <span class='ocrx_word' id='word_1_203' title='bbox 1069 3173 1328 3240; x_wconf 89' lang='lat' dir='ltr'><strong>amicitia</strong></span> <span class='ocrx_word' id='word_1_204' title='bbox 1376 3175 1780 3242; x_wconf 84' lang='lat' dir='ltr'><strong>commentitia</strong></span> <span class='ocrx_word' id='word_1_205' title='bbox 1806 3179 1867 3239; x_wconf 91' lang='lat' dir='ltr'><strong>et</strong></span> <span class='ocrx_word' id='word_1_206' title='bbox 1894 3172 2143 3239; x_wconf 76' lang='lat' dir='ltr'><strong>fucata?</strong></span> <span class='ocrx_word' id='word_1_207' title='bbox 2231 3169 2394 3241; x_wconf 79' lang='lat' dir='ltr'><strong>Quid</strong></span> <span class='ocrx_word' id='word_1_208' title='bbox 2424 3166 2652 3255; x_wconf 86' lang='lat' dir='ltr'><strong>opt-abi-</strong></span> 
     </span>
     <span class='ocr_line' id='line_1_23' title="bbox 314 3255 2651 3348; baseline -0.003 -23"><span class='ocrx_word' id='word_1_209' title='bbox 314 3261 404 3325; x_wconf 85' lang='lat' dir='ltr'><strong>&#39;us</strong></span> <span class='ocrx_word' id='word_1_210' title='bbox 428 3259 544 3324; x_wconf 89' lang='lat' dir='ltr'><strong>illis</strong></span> <span class='ocrx_word' id='word_1_211' title='bbox 571 3259 893 3346; x_wconf 76' lang='lat' dir='ltr'><strong>promissiS,</strong></span> <span class='ocrx_word' id='word_1_212' title='bbox 925 3259 1144 3346; x_wconf 88' lang='lat' dir='ltr'><strong>quibus</strong></span> <span class='ocrx_word' id='word_1_213' title='bbox 1168 3260 1368 3326; x_wconf 86' lang='lat' dir='ltr'><strong>faciles</strong></span> <span class='ocrx_word' id='word_1_214' title='bbox 1395 3267 1457 3327; x_wconf 91' lang='lat' dir='ltr'><strong>et</strong></span> <span class='ocrx_word' id='word_1_215' title='bbox 1498 3261 1791 3348; x_wconf 83' lang='lat' dir='ltr'><strong>simplices</strong></span> <span class='ocrx_word' id='word_1_216' title='bbox 1834 3261 2125 3346; x_wconf 85' lang='lat' dir='ltr'><strong>majorum</strong></span> <span class='ocrx_word' id='word_1_217' title='bbox 2159 3263 2497 3324; x_wconf 89' lang='lat' dir='ltr'><strong>nostrorum</strong></span> <span class='ocrx_word' id='word_1_218' title='bbox 2525 3255 2651 3320; x_wconf 80' lang='lat' dir='ltr'><strong>ani-</strong></span> 
     </span>
     <span class='ocr_line' id='line_1_24' title="bbox 287 3344 2652 3498; baseline -0.002 -88"><span class='ocrx_word' id='word_1_219' title='bbox 287 3369 417 3412; x_wconf 90' lang='lat' dir='ltr'><strong>mos</strong></span> <span class='ocrx_word' id='word_1_220' title='bbox 445 3346 847 3432; x_wconf 81' lang='lat' dir='ltr'><strong>deceperunt?</strong></span> <span class='ocrx_word' id='word_1_221' title='bbox 879 3346 1023 3498; x_wconf 38' lang='lat' dir='ltr'><strong>Quid</strong></span> <span class='ocrx_word' id='word_1_222' title='bbox 1046 3347 1370 3433; x_wconf 87' lang='lat' dir='ltr'><strong>jucundius</strong></span> <span class='ocrx_word' id='word_1_223' title='bbox 1400 3355 1459 3413; x_wconf 91' lang='lat' dir='ltr'><strong>et</strong></span> <span class='ocrx_word' id='word_1_224' title='bbox 1485 3348 1680 3414; x_wconf 80' lang='lat' dir='ltr'><strong>laetius</strong></span> <span class='ocrx_word' id='word_1_225' title='bbox 1709 3348 2057 3435; x_wconf 75' lang='lat' dir='ltr'><strong>nequissima</strong></span> <span class='ocrx_word' id='word_1_226' title='bbox 2086 3344 2502 3421; x_wconf 86' lang='lat' dir='ltr'><strong>moderatione,</strong></span> <span class='ocrx_word' id='word_1_227' title='bbox 2533 3362 2652 3428; x_wconf 91' lang='lat' dir='ltr'><strong>qua</strong></span> 
     </span>
     <span class='ocr_line' id='line_1_25' title="bbox 287 3429 2651 3519; baseline -0.003 -21"><span class='ocrx_word' id='word_1_228' title='bbox 287 3455 352 3498; x_wconf 89' lang='lat' dir='ltr'><strong>se</strong></span> <span class='ocrx_word' id='word_1_229' title='bbox 377 3432 632 3496; x_wconf 80' lang='lat' dir='ltr'><strong>Iberniae</strong></span> <span class='ocrx_word' id='word_1_230' title='bbox 657 3431 905 3519; x_wconf 88' lang='lat' dir='ltr'><strong>rempub</strong></span> <span class='ocrx_word' id='word_1_231' title='bbox 933 3434 1097 3512; x_wconf 68' lang='lat' dir='ltr'><strong>cam,</strong></span> <span class='ocrx_word' id='word_1_232' title='bbox 1127 3456 1252 3499; x_wconf 91' lang='lat' dir='ltr'><strong>non</strong></span> <span class='ocrx_word' id='word_1_233' title='bbox 1278 3435 1456 3500; x_wconf 90' lang='lat' dir='ltr'><strong>modo</strong></span> <span class='ocrx_word' id='word_1_234' title='bbox 1497 3441 1942 3502; x_wconf 86' lang='lat' dir='ltr'><strong>conservaturos</strong></span> <span class='ocrx_word' id='word_1_235' title='bbox 1993 3432 2096 3499; x_wconf 89' lang='lat' dir='ltr'><strong>sed</strong></span> <span class='ocrx_word' id='word_1_236' title='bbox 2145 3439 2421 3498; x_wconf 77' lang='lat' dir='ltr'><strong>aucturos</strong></span> <span class='ocrx_word' id='word_1_237' title='bbox 2468 3429 2651 3492; x_wconf 85' lang='lat' dir='ltr'><strong>fuisse</strong></span> 
     </span>
     <span class='ocr_line' id='line_1_26' title="bbox 289 3516 2649 3619; baseline -0.002 -36"><span class='ocrx_word' id='word_1_238' title='bbox 289 3524 432 3583; x_wconf 87' lang='lat' dir='ltr'><strong>sunt</strong></span> <span class='ocrx_word' id='word_1_239' title='bbox 458 3517 754 3602; x_wconf 74' lang='lat' dir='ltr'><strong>polliciti?</strong></span> <span class='ocrx_word' id='word_1_240' title='bbox 843 3517 1008 3589; x_wconf 79' lang='lat' dir='ltr'><strong>Quid</strong></span> <span class='ocrx_word' id='word_1_241' title='bbox 1037 3521 1316 3600; x_wconf 86' lang='lat' dir='ltr'><strong>sanctius,</strong></span> <span class='ocrx_word' id='word_1_242' title='bbox 1365 3521 1510 3609; x_wconf 89' lang='lat' dir='ltr'><strong>quid</strong></span> <span class='ocrx_word' id='word_1_243' title='bbox 1538 3520 1928 3588; x_wconf 85' lang='lat' dir='ltr'><strong>venerabilius</strong></span> <span class='ocrx_word' id='word_1_244' title='bbox 1959 3519 2139 3619; x_wconf 83' lang='lat' dir='ltr'><strong>jussu</strong></span> <span class='ocrx_word' id='word_1_245' title='bbox 2164 3516 2459 3606; x_wconf 88' lang='lat' dir='ltr'><strong>pontificis</strong></span> <span class='ocrx_word' id='word_1_246' title='bbox 2490 3536 2649 3578; x_wconf 86' lang='lat' dir='ltr'><strong>sum-</strong></span> 
     </span>
     <span class='ocr_line' id='line_1_27' title="bbox 288 3598 2649 3692; baseline -0.003 -22"><span class='ocrx_word' id='word_1_247' title='bbox 288 3605 372 3670; x_wconf 90' lang='lat' dir='ltr'><strong>mi</strong></span> <span class='ocrx_word' id='word_1_248' title='bbox 399 3604 505 3692; x_wconf 90' lang='lat' dir='ltr'><strong>qui</strong></span> <span class='ocrx_word' id='word_1_249' title='bbox 533 3609 593 3670; x_wconf 87' lang='lat' dir='ltr'><strong>et</strong></span> <span class='ocrx_word' id='word_1_250' title='bbox 620 3626 727 3668; x_wconf 80' lang='lat' dir='ltr'><strong>sua</strong></span> <span class='ocrx_word' id='word_1_251' title='bbox 754 3603 1108 3670; x_wconf 84' lang='lat' dir='ltr'><strong>authoritate</strong></span> <span class='ocrx_word' id='word_1_252' title='bbox 1135 3612 1196 3671; x_wconf 91' lang='lat' dir='ltr'><strong>et</strong></span> <span class='ocrx_word' id='word_1_253' title='bbox 1237 3628 1616 3674; x_wconf 86' lang='lat' dir='ltr'><strong>censurarum</strong></span> <span class='ocrx_word' id='word_1_254' title='bbox 1654 3607 2176 3673; x_wconf 78' lang='lat' dir='ltr'><strong>ecclesiasticarum</strong></span> <span class='ocrx_word' id='word_1_255' title='bbox 2218 3611 2440 3668; x_wconf 89' lang='lat' dir='ltr'><strong>terrore</strong></span> <span class='ocrx_word' id='word_1_256' title='bbox 2482 3598 2649 3664; x_wconf 91' lang='lat' dir='ltr'><strong>Iber-</strong></span> 
     </span>
     <span class='ocr_line' id='line_1_28' title="bbox 287 3688 2651 3840; baseline -0.003 -84"><span class='ocrx_word' id='word_1_257' title='bbox 287 3713 398 3758; x_wconf 91' lang='lat' dir='ltr'><strong>nos</strong></span> <span class='ocrx_word' id='word_1_258' title='bbox 440 3689 658 3776; x_wconf 85' lang='lat' dir='ltr'><strong>Anglis</strong></span> <span class='ocrx_word' id='word_1_259' title='bbox 707 3688 994 3776; x_wconf 82' lang='lat' dir='ltr'><strong>subegit?</strong></span> <span class='ocrx_word' id='word_1_260' title='bbox 1081 3693 1166 3756; x_wconf 90' lang='lat' dir='ltr'><strong>At</strong></span> <span class='ocrx_word' id='word_1_261' title='bbox 1217 3713 1396 3778; x_wconf 86' lang='lat' dir='ltr'><strong>quam</strong></span> <span class='ocrx_word' id='word_1_262' title='bbox 1453 3701 1658 3760; x_wconf 89' lang='lat' dir='ltr'><strong>contra</strong></span> <span class='ocrx_word' id='word_1_263' title='bbox 1701 3692 2173 3779; x_wconf 86' lang='lat' dir='ltr'><strong>pollicitationes,</strong></span> <span class='ocrx_word' id='word_1_264' title='bbox 2216 3693 2439 3840; x_wconf 70' lang='lat' dir='ltr'><strong>praeter</strong></span> <span class='ocrx_word' id='word_1_265' title='bbox 2484 3707 2651 3772; x_wconf 88' lang='lat' dir='ltr'><strong>spem</strong></span> 
     </span>
     <span class='ocr_line' id='line_1_29' title="bbox 286 3773 2649 3865; baseline -0.004 -20"><span class='ocrx_word' id='word_1_266' title='bbox 286 3777 570 3857; x_wconf 89' lang='lat' dir='ltr'><strong>omnium,</strong></span> <span class='ocrx_word' id='word_1_267' title='bbox 600 3781 813 3863; x_wconf 79' lang='lat' dir='ltr'><strong>praeter</strong></span> <span class='ocrx_word' id='word_1_268' title='bbox 857 3777 1206 3861; x_wconf 89' lang='lat' dir='ltr'><strong>pontificum</strong></span> <span class='ocrx_word' id='word_1_269' title='bbox 1249 3779 1654 3846; x_wconf 83' lang='lat' dir='ltr'><strong>Romanorum</strong></span> <span class='ocrx_word' id='word_1_270' title='bbox 1701 3777 2168 3865; x_wconf 88' lang='lat' dir='ltr'><strong>expectationem</strong></span> <span class='ocrx_word' id='word_1_271' title='bbox 2252 3773 2470 3839; x_wconf 85' lang='lat' dir='ltr'><strong>berniae</strong></span> <span class='ocrx_word' id='word_1_272' title='bbox 2497 3793 2649 3836; x_wconf 90' lang='lat' dir='ltr'><strong>rem-</strong></span> 
     </span>
     <span class='ocr_line' id='line_1_30' title="bbox 285 3863 2647 3952; baseline -0.004 -22"><span class='ocrx_word' id='word_1_273' title='bbox 285 3863 584 3952; x_wconf 87' lang='lat' dir='ltr'><strong>publicam</strong></span> <span class='ocrx_word' id='word_1_274' title='bbox 627 3867 984 3941; x_wconf 86' lang='lat' dir='ltr'><strong>everterunt,</strong></span> <span class='ocrx_word' id='word_1_275' title='bbox 1036 3871 1340 3948; x_wconf 84' lang='lat' dir='ltr'><strong>magnates</strong></span> <span class='ocrx_word' id='word_1_276' title='bbox 1389 3871 1451 3930; x_wconf 91' lang='lat' dir='ltr'><strong>et</strong></span> <span class='ocrx_word' id='word_1_277' title='bbox 1490 3867 1648 3930; x_wconf 87' lang='lat' dir='ltr'><strong>viros</strong></span> <span class='ocrx_word' id='word_1_278' title='bbox 1677 3873 1949 3930; x_wconf 87' lang='lat' dir='ltr'><strong>strenuos</strong></span> <span class='ocrx_word' id='word_1_279' title='bbox 1978 3883 2257 3940; x_wconf 87' lang='lat' dir='ltr'><strong>summos,</strong></span> <span class='ocrx_word' id='word_1_280' title='bbox 2289 3867 2466 3946; x_wconf 89' lang='lat' dir='ltr'><strong>atque</strong></span> <span class='ocrx_word' id='word_1_281' title='bbox 2509 3880 2647 3923; x_wconf 91' lang='lat' dir='ltr'><strong>con-</strong></span> 
     </span>
     <span class='ocr_line' id='line_1_31' title="bbox 281 3945 2647 4038; baseline -0.003 -22"><span class='ocrx_word' id='word_1_282' title='bbox 281 3951 674 4018; x_wconf 86' lang='lat' dir='ltr'><strong>stantissimos</strong></span> <span class='ocrx_word' id='word_1_283' title='bbox 728 3947 1067 4014; x_wconf 86' lang='lat' dir='ltr'><strong>Catholicos</strong></span> <span class='ocrx_word' id='word_1_284' title='bbox 1137 3951 1296 4017; x_wconf 89' lang='lat' dir='ltr'><strong>vario</strong></span> <span class='ocrx_word' id='word_1_285' title='bbox 1353 3956 1786 4038; x_wconf 85' lang='lat' dir='ltr'><strong>stratagemate,</strong></span> <span class='ocrx_word' id='word_1_286' title='bbox 1844 3949 2003 4029; x_wconf 91' lang='lat' dir='ltr'><strong>dolo,</strong></span> <span class='ocrx_word' id='word_1_287' title='bbox 2059 3947 2282 4026; x_wconf 84' lang='lat' dir='ltr'><strong>fraude,</strong></span> <span class='ocrx_word' id='word_1_288' title='bbox 2358 3945 2647 4011; x_wconf 85' lang='lat' dir='ltr'><strong>sexcentis</strong></span> 
     </span>
     <span class='ocr_line' id='line_1_32' title="bbox 285 4034 2651 4121; baseline -0.004 -17"><span class='ocrx_word' id='word_1_289' title='bbox 285 4037 510 4104; x_wconf 87' lang='lat' dir='ltr'><strong>artibus</strong></span> <span class='ocrx_word' id='word_1_290' title='bbox 553 4037 950 4116; x_wconf 82' lang='lat' dir='ltr'><strong>extinxerunt,</strong></span> <span class='ocrx_word' id='word_1_291' title='bbox 995 4034 1116 4101; x_wconf 87' lang='lat' dir='ltr'><strong>ima</strong></span> <span class='ocrx_word' id='word_1_292' title='bbox 1163 4043 1224 4102; x_wconf 87' lang='lat' dir='ltr'><strong>et</strong></span> <span class='ocrx_word' id='word_1_293' title='bbox 1271 4060 1502 4104; x_wconf 89' lang='lat' dir='ltr'><strong>summa</strong></span> <span class='ocrx_word' id='word_1_294' title='bbox 1549 4037 1953 4104; x_wconf 82' lang='lat' dir='ltr'><strong>miscuerunt!</strong></span> <span class='ocrx_word' id='word_1_295' title='bbox 2040 4035 2138 4101; x_wconf 85' lang='lat' dir='ltr'><strong>Ita</strong></span> <span class='ocrx_word' id='word_1_296' title='bbox 2181 4040 2421 4121; x_wconf 88' lang='lat' dir='ltr'><strong>peccata</strong></span> <span class='ocrx_word' id='word_1_297' title='bbox 2446 4037 2651 4097; x_wconf 89' lang='lat' dir='ltr'><strong>nostra</strong></span> 
     </span>
     <span class='ocr_line' id='line_1_33' title="bbox 287 4117 2650 4209; baseline -0.004 -18"><span class='ocrx_word' id='word_1_298' title='bbox 287 4131 667 4204; x_wconf 72' lang='lat' dir='ltr'><strong>meruerunt,</strong></span> <span class='ocrx_word' id='word_1_299' title='bbox 710 4125 797 4189; x_wconf 91' lang='lat' dir='ltr'><strong>ita</strong></span> <span class='ocrx_word' id='word_1_300' title='bbox 821 4123 938 4188; x_wconf 76' lang='lat' dir='ltr'><strong>fuit</strong></span> <span class='ocrx_word' id='word_1_301' title='bbox 965 4121 1222 4188; x_wconf 83' lang='lat' dir='ltr'><strong>Numini</strong></span> <span class='ocrx_word' id='word_1_302' title='bbox 1249 4125 1480 4204; x_wconf 79' lang='lat' dir='ltr'><strong>visum3</strong></span> <span class='ocrx_word' id='word_1_303' title='bbox 1521 4125 1609 4190; x_wconf 82' lang='lat' dir='ltr'><strong>ita</strong></span> <span class='ocrx_word' id='word_1_304' title='bbox 1634 4125 1801 4190; x_wconf 86' lang='lat' dir='ltr'><strong>Deus</strong></span> <span class='ocrx_word' id='word_1_305' title='bbox 1832 4123 1968 4189; x_wconf 83' lang='lat' dir='ltr'><strong>sivit</strong></span> <span class='ocrx_word' id='word_1_306' title='bbox 2002 4145 2125 4188; x_wconf 89' lang='lat' dir='ltr'><strong>non</strong></span> <span class='ocrx_word' id='word_1_307' title='bbox 2153 4127 2393 4209; x_wconf 87' lang='lat' dir='ltr'><strong>propter</strong></span> <span class='ocrx_word' id='word_1_308' title='bbox 2421 4117 2650 4204; x_wconf 87' lang='lat' dir='ltr'><strong>Anglo-</strong></span> 
     </span>
     <span class='ocr_line' id='line_1_34' title="bbox 283 4204 2647 4298; baseline -0.002 -22"><span class='ocrx_word' id='word_1_309' title='bbox 283 4233 416 4276; x_wconf 90' lang='lat' dir='ltr'><strong>rum</strong></span> <span class='ocrx_word' id='word_1_310' title='bbox 442 4211 740 4290; x_wconf 89' lang='lat' dir='ltr'><strong>meritum,</strong></span> <span class='ocrx_word' id='word_1_311' title='bbox 770 4209 874 4274; x_wconf 88' lang='lat' dir='ltr'><strong>sed</strong></span> <span class='ocrx_word' id='word_1_312' title='bbox 903 4208 980 4275; x_wconf 93' lang='lat' dir='ltr'><strong>ob</strong></span> <span class='ocrx_word' id='word_1_313' title='bbox 1009 4207 1366 4278; x_wconf 88' lang='lat' dir='ltr'><strong>Ibernorum</strong></span> <span class='ocrx_word' id='word_1_314' title='bbox 1383 4209 1636 4298; x_wconf 87' lang='lat' dir='ltr'><strong>culpam,</strong></span> <span class='ocrx_word' id='word_1_315' title='bbox 1661 4217 1734 4276; x_wconf 91' lang='lat' dir='ltr'><strong>ut</strong></span> <span class='ocrx_word' id='word_1_316' title='bbox 1753 4209 1897 4277; x_wconf 93' lang='lat' dir='ltr'><strong>olim</strong></span> <span class='ocrx_word' id='word_1_317' title='bbox 1924 4209 1991 4275; x_wconf 89' lang='lat' dir='ltr'><strong>in</strong></span> <span class='ocrx_word' id='word_1_318' title='bbox 2018 4229 2127 4274; x_wconf 88' lang='lat' dir='ltr'><strong>suo</strong></span> <span class='ocrx_word' id='word_1_319' title='bbox 2156 4207 2432 4275; x_wconf 88' lang='lat' dir='ltr'><strong>vaticinio</strong></span> <span class='ocrx_word' id='word_1_320' title='bbox 2454 4204 2647 4272; x_wconf 87' lang='lat' dir='ltr'><strong>Divus</strong></span> 
     </span>
     <span class='ocr_line' id='line_1_35' title="bbox 286 4295 1208 4382; baseline -0.001 -19"><span class='ocrx_word' id='word_1_321' title='bbox 286 4295 850 4364; x_wconf 87' lang='lat' dir='ltr'><strong>Meltambhlachtus</strong></span> <span class='ocrx_word' id='word_1_322' title='bbox 876 4295 1169 4382; x_wconf 74' lang='lat' dir='ltr'><strong>praedixit.</strong></span> <span class='ocrx_word' id='word_1_323' title='bbox 1180 4299 1208 4380; x_wconf 82' lang='grc' dir='ltr'><strong>ΙΙ</strong></span> 
     </span>
    </p>
   </div>
   <div class='ocr_carea' id='block_1_8' title="bbox 2672 4295 2815 4364">
    <p class='ocr_par' dir='ltr' id='par_1_8' title="bbox 2672 4295 2815 4364">
     <span class='ocr_line' id='line_1_36' title="bbox 2672 4295 2815 4364; baseline 0.007 -16"><span class='ocrx_word' id='word_1_324' title='bbox 2672 4295 2815 4364; x_wconf 61' lang='grc' dir='ltr'><strong>[σι]</strong></span> 
     </span>
    </p>
   </div>
  </div>
 </body>
</html>
