3634 5842
341 759 476 804 car-
523 737 630 822 11.]
983 757 1068 802 nn
1112 757 1510 802 Puneuoalo
1555 757 1697 800 mvi
1737 756 2041 802 summu.
2656 739 2738 800 29

337 917 398 976 et
446 910 944 996 angustissimus3
991 910 1267 988 secunda,
1302 910 1504 995 pontis
1553 915 1616 974 et
1669 910 1933 995 riparum
1982 909 2248 974 fluminis
2290 906 2559 993 undique
2607 931 2738 994 pre-

337 998 650 1063 scissarum
681 1005 988 1083 proerupta
1014 998 1267 1063 altitudo
1285 998 1590 1082 ingentem
1607 1003 1893 1062 terrorem
1911 995 2194 1076 afferens3
2238 997 2415 1061 tertia
2429 995 2739 1061 fortissimi

337 1085 502 1150 venti
529 1085 637 1148 vis.
727 1084 1140 1150 Nihilominus
1169 1083 1494 1169 singularia
1521 1105 1662 1168 erga
1677 1105 1773 1148 me
1790 1083 2077 1149 beneficia
2102 1080 2241 1162 Dei,
2274 1084 2380 1169 qui
2408 1103 2505 1146 me
2531 1081 2738 1148 multis

338 1195 372 1236 e
400 1169 634 1236 casibus
663 1171 1014 1250 durissimis,
1061 1170 1375 1256 eripuerat,
1429 1171 1713 1236 memoria
1763 1177 2056 1256 repetens,
2106 1177 2352 1256 pontem
2404 1168 2735 1255 aggredior.

341 1257 480 1330 Quo
509 1258 700 1344 magis
743 1257 1106 1345 progredior,
1153 1281 1224 1323 eo
1274 1256 1622 1343 ampliorem
1671 1263 1734 1322 et
1780 1257 2066 1340 tutiorem
2112 1259 2359 1342 reperi0,
2390 1264 2452 1321 et
2496 1255 2741 1322 tandem

337 1344 656 1410 incolumis
699 1345 950 1431 trajicio,
997 1367 1232 1410 summo
1282 1344 1688 1410 Eumenidum
1733 1343 1908 1409 luctu
1949 1351 2013 1408 et
2038 1365 2287 1410 moerore
2317 1343 2648 1409 dolentium
2675 1343 2743 1407 in

337 1439 541 1585 {iatum
592 1454 690 1498 me
739 1433 1010 1498 venisse:
1079 1432 1244 1518 quod
1291 1432 1438 1518 ipsis
1490 1431 1767 1518 deinceps
1824 1431 2153 1516 impetendi
2200 1453 2299 1496 me
2348 1437 2611 1517 potestas
2662 1430 2743 1494 sit

417 1526 634 1605 empta.

483 1653 542 1716 V
531 1651 818 1717 icen-omiti
844 1650 1248 1729 interdicitur,
1277 1651 1487 1730 multa,
1518 1673 1644 1738 quoe
1669 1651 1740 1715 in
1766 1651 2127 1736 Purqatcmlo
2166 1650 2319 1716 vidit
2346 1652 2582 1738 rque.

341 1779 456 1844 Est
483 1783 684 1844 autem
715 1776 863 1841 mihi
891 1774 1298 1852 interdictum,
1329 1775 1520 1840 multa
1550 1794 1685 1861 quse
1703 1776 1772 1840 in
1799 1775 1915 1840 hoc
1932 1776 2279 1862 purgatorio
2308 1775 2431 1840 vidi
2458 1775 2729 1856 referre.ss
2764 1792 2913 1858 [28.]

345 1865 500 1937 Quae
526 1864 660 1930 Deo
687 1864 927 1929 favente
957 1883 1190 1946 semper
1218 1859 1455 1927 silentio
1498 1863 1720 1927 tacitus
1769 1863 2093 1928 involvam.
2182 1862 2348 1928 Illud
2376 1861 2566 1927 audeo
2596 1883 2737 1926 con-

341 1953 593 2031 firmare,
627 1973 836 2016 omnes
862 1950 1154 2026 homines,
1188 1949 1291 2034 qui
1321 1949 1618 2014 cruciatus
1646 1951 1977 2035 purgatorii
1999 1949 2304 2028 vidissent,
2333 1971 2511 2034 oequo
2540 1949 2739 2013 animo

344 2040 570 2106 laturos
595 2060 802 2104 omnes
833 2035 1014 2121 hujus
1043 2037 1184 2100 vitae
1208 2034 1460 2114 dolores,
1493 2046 1555 2100 et
1579 2037 1842 2102 miserias
1872 2060 1940 2103 ea
1956 2037 2107 2122 lege,
2128 2043 2199 2101 ut
2214 2035 2625 2122 purgatorium
2654 2037 2740 2100 vi-

343 2133 559 2193 tarent.
671 2123 952 2209 Namque
1003 2122 1366 2188 calamitates
1396 2120 1576 2207 hujus
1625 2123 1857 2202 mundi,
1909 2124 2247 2208 voluptates
2291 2130 2471 2208 atque
2514 2121 2741 2187 deliciae

345 2220 508 2292 sunt,
560 2213 614 2277 si
661 2233 800 2276 cnm
846 2209 1178 2296 purgatorii
1227 2231 1342 2294 sup
1381 2209 1533 2274 liciis
1581 2211 1979 2275 conferantur.
2070 2209 2251 2276 Unde
2292 2215 2492 2297 potest
2520 2207 2741 2294 colligi,

347 2300 558 2386 quanti
584 2298 822 2363 intersit
849 2305 1092 2383 peccata
1117 2317 1242 2360 non
1369 2296 1623 2375 mittere,
1656 2297 1819 2383 quod
1848 2299 2145 2382 optimum
2174 2304 2305 2377 est;
2350 2295 2514 2382 quod
2542 2295 2741 2382 proxi-

345 2409 514 2452 mum
534 2387 676 2450 huic
706 2392 816 2462 est,
845 2383 1252 2469 paenitentiam
1281 2382 1347 2447 in
1377 2390 1631 2448 mortem
1687 2407 1814 2449 non
1866 2383 2119 2463 differre,
2170 2404 2470 2470 quamque
2499 2383 2579 2448 sit
2607 2383 2740 2447 Deo

346 2481 585 2560 gratum
614 2469 1083 2557 perpetientibus
1111 2470 1442 2555 purgatorii
1468 2491 1693 2554 poenaS,
1723 2472 1837 2557 piis
1867 2471 2075 2536 officiis
2102 2471 2435 2537 subvenire.

476 2609 536 2672 V
524 2607 792 2672 icecomes
805 2607 1159 2690 paradisum
1187 2613 1246 2671 et
1273 2608 1648 2689 voluptatem,
1679 2631 1854 2696 quam
1880 2611 2006 2693 ipse
2035 2610 2285 2694 eaeperit,
2315 2611 2609 2677 describit.

355 2730 560 2795 Amne
581 2725 848 2812 trajecto,
880 2745 1018 2789 cnm
1039 2713 1418 2824 procederem
1440 2723 1574 2790 Deo
1701 2727 1815 2792 tias
1844 2749 2047 2812 agens,
2076 2727 2201 2792 vidi
2216 2727 2425 2814 procul
2442 2729 2580 2808 alta,
2610 2752 2741 2795 mu-

349 2817 603 2899 nitaque
619 2815 864 2891 moenia,
890 2833 1022 2896 quae
1047 2833 1234 2896 Janua
1263 2833 1508 2890 mlcans,
1539 2833 1610 2876 ve
1635 2819 1705 2877 ut
1721 2835 1866 2878 auro
1890 2822 2192 2892 exornata,
2224 2815 2565 2900 variataque
2602 2837 2741 2882 mu-

347 2903 434 2969 tis
472 2909 654 2986 atque
673 2898 1060 2964 lucidissimis
1087 2897 1416 2962 unionibus
1445 2897 1774 2965 claudebat.
1864 2900 2020 2966 Cum
2048 2923 2188 2966 vero
2218 2902 2494 2989 proprius
2522 2925 2744 2969 access-

353 2992 530 3056 issem
582 2988 742 3052 intra
762 2984 948 3050 millia
997 3005 1282 3070 passuum
1302 2983 1442 3062 duo,
1465 2985 1871 3066 animadverti,
1894 2987 2050 3054 fores
2068 3005 2304 3074 patere:
2336 2989 2745 3056 suavissimam

349 3074 738 3162 flagrantiam
764 3073 922 3139 foras
951 3070 1205 3136 diffundi
1237 3097 1252 3134 ε
1299 3071 1544 3157 perinde
1570 3095 1640 3139 ac
1669 3074 1720 3138 si
1749 3075 1951 3141 omnia
1975 3083 2266 3141 terrarum
2292 3075 2455 3142 orbis
2482 3084 2745 3144 aromata

352 3165 525 3229 intus
569 3165 992 3226 exurerentur:
1069 3165 1130 3223 et
1165 3157 1402 3223 obviam
1430 3159 1580 3224 mihi
1623 3161 1828 3246 egredi
1870 3163 2225 3230 immensam
2264 3185 2420 3249 pene
2448 3163 2763 3231 hominum

355 3250 586 3336 copiam
608 3247 871 3312 mirificis
910 3244 1221 3311 ordinibus
1241 3245 1616 3327 instructam,
1645 3247 1913 3314 vestibus
1940 3272 2015 3314 ex
2043 3273 2219 3316 aurea
2233 3249 2433 3336 palma
2450 3250 2745 3331 indutam,

356 3359 564 3402 cruces
622 3355 1018 3418 accensasque
1045 3333 1204 3399 faces
1233 3339 1586 3418 gestantem.
1677 3334 1744 3400 Is
1790 3335 2167 3402 beatissimus
2212 3344 2403 3404 eoetus
2431 3360 2527 3404 me
2555 3339 2747 3404 incre-

359 3422 531 3489 dibili
551 3419 970 3507 gratulatione,
993 3421 1390 3506 comitateque
1409 3423 1652 3508 recepit,
1705 3433 1766 3488 et
1795 3445 1997 3489 secum
2025 3424 2089 3490 in
2117 3425 2343 3510 regiam
2369 3424 2533 3490 illam
2556 3425 2748 3505 duxit,

363 3510 568 3574 divina
653 3507 906 3593 qusdam
963 3505 1295 3586 dulcedine,
1359 3506 1655 3593 fidemque
1713 3517 2031 3596 superante
2079 3510 2213 3576 Deo
2254 3511 2461 3577 laudes
2510 3533 2748 3578 canens.

359 3595 522 3664 Dein
572 3593 1023 3680 Archiepiscopi
1075 3593 1196 3659 duo
1247 3615 1480 3660 mecum
1512 3594 1979 3676 deambulantes,
2024 3597 2189 3664 illam
2230 3599 2349 3664 loci
2376 3599 2587 3664 faciem
2616 3620 2751 3684 quae

361 3705 604 3748 omnem
661 3703 858 3746 meam
914 3681 1386 3765 expectationem
1435 3682 1580 3746 vicit
1638 3683 1788 3748 mihi
1831 3690 2154 3749 ostentant.
2245 3684 2551 3769 ImPrimis
2580 3691 2751 3770 grato

360 3770 510 3836 mihi
537 3769 656 3834 fuit
684 3765 1024 3853 spectaculo
1045 3767 1174 3852 ipsa
1215 3773 1374 3832 terra
1401 3769 1771 3852 apertissima
1820 3778 1882 3834 et
1927 3771 2355 3855 patentissima,
2395 3770 2569 3856 cujus
2606 3773 2755 3836 fines

361 3862 689 3943 conspectu
736 3875 862 3919 non
906 3859 1170 3937 poteram
1199 3854 1554 3939 pertingere,
1584 3853 1840 3921 lucidior
1859 3857 1993 3942 ipso
2020 3856 2163 3935 sole,
2206 3853 2496 3922 viridibus
2552 3859 2757 3943 pratis,

363 3951 426 4010 et
475 3943 702 4010 amenis
745 3939 937 4006 hortis
987 3936 1192 4004 crebro
1242 3939 1490 4018 intexta,
1537 3942 1867 4007 innumeris
1906 3941 2215 4008 arboribus
2258 3945 2325 4008 in
2361 3945 2758 4030 quincuncem

366 4030 614 4116 digestis
662 4029 895 4095 fructus
945 4026 1324 4091 suavissimos
1380 4025 1708 4092 ferentibus
1758 4029 2006 4110 consita,
2070 4030 2263 4116 rigata
2316 4033 2454 4116 puri
2510 4032 2758 4118 liquoris

363 4116 575 4184 rivulis
605 4113 1008 4201 strepentibus
1057 4111 1291 4198 placido
1320 4135 1658 4180 murmure:
1703 4116 1953 4182 floribus
1980 4117 2463 4203 fragrantissimis
2491 4120 2709 4184 vestita
2739 4145 2754 4182 ε

367 4227 546 4290 opere
573 4203 826 4289 topiario
879 4199 1340 4286 exquisitissimo
1358 4200 1664 4281 decorata3
1709 4205 1893 4288 gratis
1922 4203 2427 4272 ambulationibus
2454 4205 2761 4290 ingeniose

368 4293 655 4358 dimensa.
743 4286 874 4374 Ipsi
925 4285 1140 4352 deinde
1181 4287 1452 4353 homines
1491 4311 1616 4354 non
1645 4289 2017 4357 mediocriter
2044 4314 2141 4357 me
2182 4315 2292 4358 suo
2322 4315 2465 4357 cons
2577 4297 2643 4356 tu
2671 4314 2762 4356 re·

369 4375 672 4450 creabant,
701 4374 764 4439 in
819 4396 929 4439 suo
960 4375 1214 4461 quisque
1243 4373 1450 4439 ordine
1475 4381 1548 4440 ut
1571 4375 1835 4462 religiosi
1862 4377 2135 4444 collocati
2162 4387 2225 4444 et
2250 4379 2429 4444 variis
2504 4380 2516 4391 '
2610 4379 2762 4444 'tati-

369 4464 489 4531 bus
533 4461 928 4528 cohonestati.
1015 4459 1116 4525 Ibi
1145 4460 1344 4547 Papae,
1376 4460 1735 4528 Cardinales.
1767 4464 2237 4550 Archiepiscopi,
2248 4473 2309 4530 et
2338 4465 2439 4531 alii
2466 4467 2767 4531 innumeri

370 4573 480 4638 pro
522 4570 770 4614 munere
822 4569 943 4634 quo
974 4549 1228 4634 quisque
1275 4549 1520 4630 functus
1569 4558 1696 4614 erat
1741 4550 1913 4614 vivus
1950 4550 2281 4636 fulgebant.
2370 4551 2765 4618 Faeminarum

376 4657 619 4724 quoque
639 4635 882 4720 agmina
897 4635 1138 4720 copiosa
1157 4635 1282 4700 suis
1302 4635 1369 4699 in
1391 4633 1686 4700 subselliis
1708 4635 2053 4721 sedebant.ll
2148 4637 2383 4724 Regum
2412 4641 2645 4705 coronis
2674 4663 2764 4705 re·
2791 4651 2931 4718 [293

377 4723 726 4788 dimitorum
747 4721 882 4786 visu
897 4743 1116 4806 magno
1192 4745 1256 4787 re
1288 4720 1644 4788 oblectabar.
1735 4722 1961 4788 Omnes
2004 4732 2173 4790 erant
2200 4726 2507 4814 syderibus
2535 4727 2769 4813 fulgen·

371 4811 561 4875 tiores
589 4815 652 4873 et
701 4813 774 4872 ut
816 4807 974 4872 inter
995 4815 1086 4874 ste
1130 4832 1194 4873 as
1223 4809 1353 4874 aliae
1382 4815 1526 4873 sunt
1577 4807 1705 4874 aliis
1735 4810 2182 4896 splendidiores,
2223 4815 2311 4880 ita
2336 4821 2397 4878 et
2438 4815 2503 4879 in
2532 4837 2602 4879 eo
2632 4836 2773 4878 con-

384 4904 572 4962 ventu
630 4894 762 4960 aliis
791 4893 890 4960 alii
937 4916 1046 4980 pro
1076 4896 1299 4961 meritis
1329 4895 1584 4964 candore
1627 4896 2008 4984 praestabant.
2096 4897 2321 4967 Omnes
2350 4923 2565 4987 magna
2593 4899 2777 4966 felici-
