3634 5842
373 721 490 766 car
533 701 710 784 v111.]
1107 723 1190 768 1111
1234 723 1518 770 renum
1561 725 1700 769 31111
1745 724 1823 770 nr
1866 723 2141 770 mrum,
2682 707 2759 768 15

367 879 627 946 foeminae
643 879 810 946 nefas
831 887 924 946 est
949 881 1128 950 adire.
1216 882 1425 949 Insula
1443 884 1770 948 viventium
1791 885 2154 962 nominatur,
2176 883 2337 968 quod
2366 883 2429 948 in
2456 883 2559 948 illa
2585 906 2762 950 nemo

369 967 627 1032 animam
655 967 848 1033 efflare
875 969 1164 1035 traditur:
1197 970 1538 1036 moribundi
1567 978 1762 1038 tamen
1789 978 1883 1036 tot
1911 969 2272 1036 cruciatibus
2302 969 2657 1049 afficiuntur,
2688 979 2759 1036 111

367 1053 581 1118 malint
605 1054 672 1119 in
701 1055 1104 1121 continentem
1129 1057 1254 1121 fato
1302 1058 1577 1122 functum
1625 1058 1856 1136 deferri,
1889 1081 2081 1144 quam.
2118 1079 2291 1143 agere
2342 1058 2521 1122 vitam
2572 1059 2755 1122 tantis

369 1139 675 1205 doloribus
704 1163 1069 1209 concussam.
1156 1143 1238 1208 In
1288 1143 1536 1211 Ultonia
1581 1145 1867 1210 Neachus
1916 1151 2008 1210 est
2049 1144 2233 1223 lacus,
2274 1145 2338 1210 in
2370 1166 2487 1230 quo
2518 1142 2755 1210 arbores

367 1227 534 1292 nasci
561 1228 854 1309 feruntur,
887 1252 1138 1314 quarum
1165 1252 1301 1315 pars
1346 1254 1480 1316 quae
1515 1239 1674 1296 terra
1702 1232 1984 1318 cingitur,
2015 1232 2258 1311 ferrum,
2330 1254 2423 1297 uae
2449 1254 2603 1317 aqua
2630 1255 2754 1297 ain-

365 1311 550 1394 111101,
581 1314 773 1402 lapis;
819 1338 952 1402 quae
979 1339 1157 1403 supra
1185 1340 1399 1404 aquam
1427 1320 1657 1397 crescit,
1703 1318 1937 1404 lignum
1982 1326 2091 1383 est.
2181 1318 2260 1383 In
2290 1254 2544 1384 dearrae
2590 1320 2755 1406 prin·

365 1401 570 1487 cipatu
595 1407 718 1466 tres
745 1404 996 1490 cespites
1035 1403 1252 1470 virides
1297 1413 1360 1470 et
1384 1405 1639 1556 <11100031
1665 1405 1860 1470 solent
1899 1428 2040 1471 nare
2071 1404 2321 1471 durante
2348 1413 2586 1491 patrum
2614 1429 2751 1471 nos-

365 1494 596 1552 trorum
645 1491 951 1570 memoria,
1009 1499 1071 1556 et
1113 1493 1342 1557 saturni
1423 1491 1594 1557 iebus
1668 1493 2077 1579 praecipitante
2126 1491 2270 1571 sole,
2314 1515 2441 1557 sese
2491 1493 2754 1558 conferre

365 1574 432 1639 in
459 1575 620 1640 illam
651 1577 852 1662 stagni
878 1600 1063 1657 oram,
1095 1600 1227 1664 quae
1254 1580 1526 1665 proximo
1575 1579 1790 1644 sacello
1817 1580 2207 1665 propinquior
2233 1584 2342 1658 aet,
2371 1578 2753 1664 indidemque

365 1661 560 1727 redire
587 1663 797 1729 diebus
824 1663 966 1730 solis
993 1663 1105 1730 snb
1134 1687 1458 1752 vesperam,
1489 1666 1720 1732 etiamsi
1741 1673 1959 1730 ventus
1987 1665 2268 1731 adversus
2290 1666 2489 1752 spiret.
2502 1668 2529 1749 ΙΙ
2623 1667 2909 1754 Ad-[12.]

361 1749 563 1834 jacent
591 1749 848 1816 Ibernioe
895 1752 970 1817 ad
1019 1753 1404 1819 meridianam
1492 1753 1689 1838 lagam
1716 1753 1877 1818 intra
1918 1753 2175 1839 spatium
2224 1753 2407 1818 trium
2449 1753 2751 1818 leucarum

365 1835 578 1902 insulae
607 1837 740 1903 duae
769 1839 1011 1904 nomine
1063 1839 1342 1926 Scalagae.
1495 1862 1706 1904 uarum
1755 1841 1945 1925 major
1973 1840 2176 1906 Sancti
2220 1839 2533 1905 Michaelis
2560 1840 2752 1906 Arch-

365 1923 562 2008 angeli
631 1924 907 2011 praesidio
957 1933 1019 1992 et
1097 1926 1547 1992 circuitionibus
1612 1934 1954 1993 consecrata
2024 1926 2290 2026 undique
2346 1927 2580 2012 pelago,
2632 1949 2756 2014 prae

367 2011 579 2096 rupti-³,
628 2018 688 2078 et
738 2013 1094 2078 acutissimis
1125 2014 1384 2100 scopulis
1425 2012 1706 2092 ambitur,
1735 2021 1808 2079 ut
1836 2037 1956 2079 non
2000 2013 2291 2078 difficihor
2320 2014 2398 2078 sit
2426 2035 2459 2080 e
2487 2014 2627 2079 navi
2656 2014 2756 2080 de-

366 2118 628 2177 scensus,
661 2119 838 2184 quam
867 2123 973 2186 per
1002 2123 1235 2187 asperas
1263 2124 1440 2188 rupes
1462 2122 1738 2167 ascensus
1767 2101 1845 2167 ad
1872 2107 2057 2187 petrae
2096 2101 2411 2166 verticem:
2460 2099 2565 2166 11111
2588 2101 2761 2186 juxta

363 2184 728 2268 pellucidum
757 2186 985 2252 fontem
1015 2189 1290 2274 perennis
1316 2211 1486 2274 aquae
1507 2196 1651 2254 sunt
1678 2189 1834 2254 fana.
1883 2189 2077 2275 Supra
2095 2187 2457 2272 Archangeli
2479 2187 2759 2254 sacellum

365 2277 428 2334 et
455 2271 712 2338 Xixtum
756 2274 850 2340 vel
899 2275 1118 2340 vallum
1168 2275 1488 2355 modicum,
1521 2298 1639 2362 quo
1691 2274 1948 2354 ducitur,
1978 2273 2161 2340 nullae
2202 2298 2358 2353 aves,
2390 2296 2640 2358 quarum
2669 2277 2761 2340 vis

365 2358 577 2443 ingens
607 2359 863 2425 insulam
889 2361 1289 2447 frequentant,
1363 2369 1574 2428 ossunt
1601 2361 1819 2429 volare.
1910 2360 2027 2427 Sed
2049 2361 2273 2426 alarum
2292 2383 2409 2427 11311
2437 2360 2757 2443 destitutae,

363 2445 546 2530 inque
573 2452 794 2512 terram
823 2447 1078 2535 delapsae
1104 2449 1208 2514 illa
1235 2472 1310 2536 pe
1357 2449 1490 2516 'bus
1517 2455 1849 2515 transeunt.
1894 2448 2062 2514 Dum
2080 2471 2218 2513 vero
2246 2448 2314 2513 in
2344 2447 2533 2514 Xixto
2562 2450 2756 2515 Arch-

364 2532 580 2619 angelo
611 2533 827 2614 dicato,
858 2541 919 2600 et
946 2559 1128 2623 supra
1157 2537 1438 2602 sacellum
1487 2535 1741 2621 pedibus
1768 2535 2062 2603 incedunt
2107 2536 2312 2601 volatu
2359 2535 2626 2617 defectae,
2657 2559 2757 2602 eas

362 2641 575 2705 capere
600 2621 698 2684 vel
725 2621 1008 2702 occidere,
1038 2623 1204 2688 nefas
1231 2624 1420 2689 nostri
1451 2623 1699 2688 ducunt.

454 2707 932 2792 Septentrionem
978 2732 1183 2776 versus
1229 2711 1294 2775 in
1323 2709 1488 2774 urbis
1517 2709 1878 2774 Lomnachae
1906 2713 2104 2794 portu,
2146 2709 2415 2794 sequitur
2452 2707 2760 2774 Iniscatba

361 2793 562 2859 insula
591 2795 861 2880 proxima
911 2796 1264 2876 continenti,
1293 2796 1514 2862 finibus
1542 2795 1784 2881 quidem
1829 2802 2102 2880 angusta,
2134 2795 2240 2860 sed
2281 2795 2460 2880 longe
2488 2795 2757 2860 amaenis-

371 2882 539 2959 sima,
594 2881 898 2967 quondam
940 2882 1284 2970 Episcopali
1333 2883 1483 2949 solio
1538 2882 1634 2946 vel
1693 2881 1989 2962 cathedra,
2054 2887 2116 2946 et
2164 2881 2411 2967 'templis
2466 2881 2759 2946 undecem

370 2967 608 3048 nobilis,
641 2991 752 3033 nec
799 2968 1052 3035 obscura
1101 2969 1244 3036 Divi
1290 2970 1509 3035 Senani
1537 2968 1872 3054 sepulchro,
1903 2990 1977 3032 ex
2006 2990 2124 3053 quo
2156 2969 2259 3054 qui
2288 2989 2425 3033 scru
2467 2967 2635 3033 ulum
2663 2969 2757 3035 vel

369 3055 636 3142 lapillum
685 3063 872 3142 gerat,
921 3057 1084 3123 hunc
1128 3057 1366 3124 interim
1415 3055 1918 3142 submergendum
1963 3077 2089 3121 non
2117 3077 2265 3136 esse,
2309 3078 2344 3120 c
2446 3055 2601 3121 itum
2647 3061 2759 3136 est,

367 3143 547 3208 modo
578 3143 904 3210 catholicus
933 3145 1032 3224 sit,
1063 3143 1137 3210 de
1166 3144 1512 3211 orthodoxae
1538 3142 1676 3209 fidei
1703 3141 1967 3208 articulis
1996 3164 2121 3207 non
2150 3140 2479 3228 ambigens.

455 3231 674 3296 Adhuc
722 3230 799 3296 ad
872 3233 1180 3298 Arcticum
1251 3231 1386 3297 coeli
1435 3253 1718 3296 cacumen
1775 3229 1967 3314 magis
2021 3229 2312 3295 accedunt
2366 3228 2579 3296 insulae
2632 3235 2757 3296 tres

368 3319 610 3383 nomine
637 3321 796 3397 Arae,
830 3340 962 3404 quae
991 3321 1092 3384 vix
1123 3320 1310 3397 leucoe
1331 3319 1530 3404 spacio
1551 3317 1628 3382 ab
1648 3315 1893 3382 Ibernia
1926 3315 2166 3383 absunt.
2252 3315 2478 3382 Earum
2498 3317 2756 3384 maxima

365 3405 548 3490 vulgo
576 3411 822 3470 vocatur
849 3408 975 3472 Ara
1005 3405 1378 3484 Sanctorum,
1411 3403 1570 3492 quod
1599 3405 1664 3469 in
1691 3403 1856 3469 illam
1884 3403 2028 3468 olim
2076 3425 2295 3489 magna
2338 3403 2751 3490 religiosorum

365 3497 544 3577 atque
573 3493 1081 3558 sanctissimorum
1101 3493 1414 3558 hominum
1440 3491 1767 3557 multitudo
1795 3491 2136 3556 secederent
2164 3497 2237 3556 ut
2264 3489 2635 3556 commodius
2664 3492 2752 3557 di-

367 3579 637 3644 vinarum
707 3601 905 3644 rerum
949 3579 1321 3645 meditationi
1377 3584 1673 3658 vacarent,
1724 3583 1786 3643 et
1837 3599 1899 3642 se
1948 3577 2067 3643 Dei
2134 3577 2325 3642 cultui
2389 3575 2749 3658 addicerent,

363 3665 755 3751 divorumque
782 3664 1018 3731 libitina
1044 3673 1217 3747 00301,
1248 3688 1503 3752 quorum
1533 3688 1595 3730 se
1637 3664 1859 3730 ulchris
1886 3663 2181 3749 completa
2208 3662 2577 3728 nobilitatur.

447 3751 736 3818 Pontium
765 3753 1186 3832 mirandorum,
1220 3754 1323 3838 qui
1351 3774 1506 3838 aqua
1533 3689 1730 3838 gelida
1751 3773 1952 3836 sparsa
1980 3760 2041 3814 et
2070 3755 2245 3836 epota
2272 3771 2464 3834 aegros
2491 3749 2555 3814 in
2640 3750 2750 3814 ris-

359 3839 548 3904 tinam
577 3837 976 3904 valetudinem
1004 3841 1330 3905 restituunt
1354 3839 1604 3925 longum
1621 3839 1834 3903 fuisset
1848 3836 2093 3901 nomina
2120 3857 2475 3921 percurrere.
2563 3771 2751 3902 Pplane

359 3924 684 3992 beneficam
714 3932 894 4010 atque
922 3925 1238 3991 salutarem
1288 3926 1440 3991 hanc
1469 3925 1590 3990 vim
1619 3947 1742 3989 non
1771 3944 1983 3988 censeo
2011 3921 2459 3988 adscribendam
2488 3943 2616 3988 esse
2642 3946 2747 3989 na-

355 4013 538 4079 turali
567 4013 894 4078 efficientiae
921 4014 1180 4078 fontium
1220 4007 1332 4076 sed'
1343 4011 1674 4097 patrocinio
1697 4010 2011 4089 Divorum,
2054 4008 2272 4095 quibus
2314 4009 2530 4088 fontes,
2564 4009 2745 4076 dicati

358 4106 505 4164 sunt
531 4109 592 4165 01
621 4121 876 4186 quorum
905 4100 1127 4166 auxilio
1155 4099 1369 4184 oegroti
1416 4097 1738 4184 implorant
1766 4119 1972 4162 0111003
2020 4103 2201 4182 atque
2248 4097 2447 4162 fontes
2493 4097 2744 4162 circum-

357 4194 588 4252 euntes.
679 4185 802 4252 Η10
852 4210 990 4252 aves
1037 4209 1128 4253 ex.
1156 4185 1398 4252 conchis
1444 4185 1680 4251 cuidam
1729 4184 1896 4272 ligno
1925 4185 2073 4248 mari
2104 4183 2227 4262 diu,
2278 4183 2597 4250 fluctuanti
2646 4184 2741 4248 hae

353 4273 630 4338 rentibus
676 4282 834 4339 natae
862 4273 1333 4362 conspiciuntur.
1422 4271 1578 4344 Quae
1619 4271 1802 4358 vulgo
1858 4277 1901 4308 “
1918 4269 2281 4336 durridinae’'
2312 4276 2375 4336 et
2400 4267 2743 4336 bernaculae

354 4367 797 4446 nuncupantur.
