<?xml version="1.0" encoding="UTF-8"?>
<!DOCTYPE html PUBLIC "-//W3C//DTD XHTML 1.0 Transitional//EN"
    "http://www.w3.org/TR/xhtml1/DTD/xhtml1-transitional.dtd">
<html xmlns="http://www.w3.org/1999/xhtml" xml:lang="en" lang="en">
 <head>
  <title>
</title>
<meta http-equiv="Content-Type" content="text/html;charset=utf-8" />
  <meta name='ocr-system' content='tesseract 3.04.00' />
  <meta name='ocr-capabilities' content='ocr_page ocr_carea ocr_par ocr_line ocrx_word'/>
</head>
<body>
  <div class='ocr_page' id='page_1' title='image "./historicatholic00kellgoog_0225.png"; bbox 0 0 3634 5842; ppageno 0'>
   <div class='ocr_carea' id='block_1_1' title="bbox 379 786 2769 877">
    <p class='ocr_par' dir='ltr' id='par_1_1' title="bbox 379 786 2769 877">
     <span class='ocr_line' id='line_1_1' title="bbox 379 786 2769 877; baseline -0.004 -20"><span class='ocrx_word' id='word_1_1' title='bbox 379 812 518 857; x_wconf 62' lang='lat' dir='ltr'><strong>car.</strong></span> <span class='ocrx_word' id='word_1_2' title='bbox 549 790 670 877; x_wconf 70' lang='lat' dir='ltr'><strong>m]</strong></span> <span class='ocrx_word' id='word_1_3' title='bbox 1051 810 1134 853; x_wconf 71' lang='lat' dir='ltr'><strong>nu</strong></span> <span class='ocrx_word' id='word_1_4' title='bbox 1178 810 1376 856; x_wconf 64' lang='lat' dir='ltr'><strong>sunno</strong></span> <span class='ocrx_word' id='word_1_5' title='bbox 1417 807 1787 861; x_wconf 67' lang='lat' dir='ltr'><strong>eumenem</strong></span> <span class='ocrx_word' id='word_1_6' title='bbox 1831 804 2167 853; x_wconf 66' lang='lat' dir='ltr'><strong>monum·</strong></span> <span class='ocrx_word' id='word_1_7' title='bbox 2649 786 2769 848; x_wconf 77' lang='lat'><strong>189</strong></span> 
     </span>
    </p>
   </div>
   <div class='ocr_carea' id='block_1_2' title="bbox 1395 1284 1743 1350">
    <p class='ocr_par' dir='ltr' id='par_1_2' title="bbox 1395 1284 1743 1350">
     <span class='ocr_line' id='line_1_2' title="bbox 1395 1284 1743 1350; baseline -0.003 0"><span class='ocrx_word' id='word_1_8' title='bbox 1395 1284 1575 1350; x_wconf 74' lang='lat' dir='ltr'><strong>OAP.</strong></span> <span class='ocrx_word' id='word_1_9' title='bbox 1625 1284 1743 1350; x_wconf 90' lang='lat' dir='ltr'><strong>IV.</strong></span> 
     </span>
    </p>
   </div>
   <div class='ocr_carea' id='block_1_3' title="bbox 521 1528 2623 1603">
    <p class='ocr_par' dir='ltr' id='par_1_3' title="bbox 521 1528 2623 1603">
     <span class='ocr_line' id='line_1_3' title="bbox 521 1528 2623 1603; baseline -0.001 -16"><span class='ocrx_word' id='word_1_10' title='bbox 521 1529 822 1587; x_wconf 84' lang='lat' dir='ltr'><strong>Urmonius</strong></span> <span class='ocrx_word' id='word_1_11' title='bbox 845 1530 1042 1587; x_wconf 86' lang='lat' dir='ltr'><strong>Comes</strong></span> <span class='ocrx_word' id='word_1_12' title='bbox 1067 1548 1100 1584; x_wconf 98' lang='lat' dir='ltr'><strong>a</strong></span> <span class='ocrx_word' id='word_1_13' title='bbox 1123 1530 1276 1586; x_wconf 67' lang='lat' dir='ltr'><strong>Lisia</strong></span> <span class='ocrx_word' id='word_1_14' title='bbox 1297 1530 1605 1603; x_wconf 80' lang='lat' dir='ltr'><strong>repellitur,</strong></span> <span class='ocrx_word' id='word_1_15' title='bbox 1630 1538 1687 1585; x_wconf 91' lang='lat' dir='ltr'><strong>et</strong></span> <span class='ocrx_word' id='word_1_16' title='bbox 1711 1528 1883 1586; x_wconf 89' lang='lat' dir='ltr'><strong>Huon</strong></span> <span class='ocrx_word' id='word_1_17' title='bbox 1904 1528 2207 1586; x_wconf 74' lang='lat' dir='ltr'><strong>Catholicis</strong></span> <span class='ocrx_word' id='word_1_18' title='bbox 2230 1531 2433 1586; x_wconf 86' lang='lat' dir='ltr'><strong>auxilio</strong></span> <span class='ocrx_word' id='word_1_19' title='bbox 2457 1532 2623 1586; x_wconf 83' lang='lat' dir='ltr'><strong>venit.</strong></span> 
     </span>
    </p>
   </div>
   <div class='ocr_carea' id='block_1_4' title="bbox 375 1769 2775 4289">
    <p class='ocr_par' dir='ltr' id='par_1_4' title="bbox 375 1769 2775 3507">
     <span class='ocr_line' id='line_1_4' title="bbox 381 1769 2769 1860; baseline 0.002 -25"><span class='ocrx_word' id='word_1_20' title='bbox 381 1769 749 1842; x_wconf 63' lang='lat' dir='ltr'><strong>anuuaun</strong></span> <span class='ocrx_word' id='word_1_21' title='bbox 798 1770 1148 1860; x_wconf 89' lang='lat' dir='ltr'><strong>periculum,</strong></span> <span class='ocrx_word' id='word_1_22' title='bbox 1203 1784 1263 1837; x_wconf 89' lang='lat' dir='ltr'><strong>et</strong></span> <span class='ocrx_word' id='word_1_23' title='bbox 1310 1772 1700 1857; x_wconf 75' lang='lat' dir='ltr'><strong>Lageniensis</strong></span> <span class='ocrx_word' id='word_1_24' title='bbox 1749 1780 1970 1854; x_wconf 85' lang='lat' dir='ltr'><strong>motus,</strong></span> <span class='ocrx_word' id='word_1_25' title='bbox 2016 1781 2078 1839; x_wconf 88' lang='lat' dir='ltr'><strong>et</strong></span> <span class='ocrx_word' id='word_1_26' title='bbox 2126 1774 2403 1840; x_wconf 89' lang='lat' dir='ltr'><strong>Portmor</strong></span> <span class='ocrx_word' id='word_1_27' title='bbox 2448 1798 2552 1840; x_wconf 86' lang='lat' dir='ltr'><strong>arx</strong></span> <span class='ocrx_word' id='word_1_28' title='bbox 2610 1798 2769 1841; x_wconf 89' lang='lat' dir='ltr'><strong>com-</strong></span> 
     </span>
     <span class='ocr_line' id='line_1_5' title="bbox 379 1858 2771 1960; baseline 0.003 -38"><span class='ocrx_word' id='word_1_29' title='bbox 379 1865 608 1924; x_wconf 80' lang='lat' dir='ltr'><strong>meatus</strong></span> <span class='ocrx_word' id='word_1_30' title='bbox 657 1860 861 1945; x_wconf 88' lang='lat' dir='ltr'><strong>inopia</strong></span> <span class='ocrx_word' id='word_1_31' title='bbox 909 1858 1182 1960; x_wconf 77' lang='lat' dir='ltr'><strong>laborans</strong></span> <span class='ocrx_word' id='word_1_32' title='bbox 1231 1866 1460 1958; x_wconf 42' lang='lat' dir='ltr'><strong>praeter·</strong></span> <span class='ocrx_word' id='word_1_33' title='bbox 1496 1866 1707 1924; x_wconf 80' lang='lat' dir='ltr'><strong>eaetera</strong></span> <span class='ocrx_word' id='word_1_34' title='bbox 1755 1858 2165 1927; x_wconf 82' lang='lat' dir='ltr'><strong>Elizabetham</strong></span> <span class='ocrx_word' id='word_1_35' title='bbox 2216 1861 2454 1947; x_wconf 80' lang='lat' dir='ltr'><strong>Angliae</strong></span> <span class='ocrx_word' id='word_1_36' title='bbox 2504 1864 2771 1948; x_wconf 85' lang='lat' dir='ltr'><strong>reginam</strong></span> 
     </span>
     <span class='ocr_line' id='line_1_6' title="bbox 379 1944 2771 2121; baseline 0.002 -24"><span class='ocrx_word' id='word_1_37' title='bbox 379 1944 1020 2119; x_wconf 52' lang='lat' dir='ltr'><strong>ffiffissut&#39;ffissssffl</strong></span> <span class='ocrx_word' id='word_1_38' title='bbox 1019 1946 1837 2099; x_wconf 52' lang='lat' dir='ltr'><strong>Zt⁸u1¹&gt;ff3r¹t²12¹323¹30¹1513322⁰1¹1¹32</strong></span> <span class='ocrx_word' id='word_1_39' title='bbox 1845 1948 2238 2101; x_wconf 58' lang='grc' dir='ltr'><strong>ῗὲιξὲἓῖῧίἓ</strong></span> <span class='ocrx_word' id='word_1_40' title='bbox 2238 1948 2771 2121; x_wconf 54' lang='grc' dir='ltr'><strong>ἐἓὲαξῗῗῗὲἕέἓῗ</strong></span> 
     </span>
     <span class='ocr_line' id='line_1_7' title="bbox 378 2118 2770 2206; baseline 0.002 -23"><span class='ocrx_word' id='word_1_41' title='bbox 378 2118 476 2184; x_wconf 88' lang='lat' dir='ltr'><strong>Ad</strong></span> <span class='ocrx_word' id='word_1_42' title='bbox 505 2119 570 2184; x_wconf 91' lang='lat' dir='ltr'><strong>id</strong></span> <span class='ocrx_word' id='word_1_43' title='bbox 599 2142 672 2185; x_wconf 84' lang='lat' dir='ltr'><strong>ex</strong></span> <span class='ocrx_word' id='word_1_44' title='bbox 701 2121 924 2205; x_wconf 83' lang='lat' dir='ltr'><strong>Anglia</strong></span> <span class='ocrx_word' id='word_1_45' title='bbox 951 2129 1188 2206; x_wconf 81' lang='lat' dir='ltr'><strong>tyrones</strong></span> <span class='ocrx_word' id='word_1_46' title='bbox 1217 2120 1580 2185; x_wconf 84' lang='lat' dir='ltr'><strong>mittuntur:</strong></span> <span class='ocrx_word' id='word_1_47' title='bbox 1625 2120 1971 2205; x_wconf 69' lang='lat' dir='ltr'><strong>praesidiarii</strong></span> <span class='ocrx_word' id='word_1_48' title='bbox 2005 2128 2365 2187; x_wconf 87' lang='lat' dir='ltr'><strong>evocantur:</strong></span> <span class='ocrx_word' id='word_1_49' title='bbox 2412 2122 2770 2188; x_wconf 88' lang='lat' dir='ltr'><strong>Ibernorum</strong></span> 
     </span>
     <span class='ocr_line' id='line_1_8' title="bbox 377 2206 2770 2295; baseline 0.002 -25"><span class='ocrx_word' id='word_1_50' title='bbox 377 2206 829 2293; x_wconf 84' lang='lat' dir='ltr'><strong>provincialium</strong></span> <span class='ocrx_word' id='word_1_51' title='bbox 875 2207 1138 2273; x_wconf 88' lang='lat' dir='ltr'><strong>delectus</strong></span> <span class='ocrx_word' id='word_1_52' title='bbox 1181 2208 1472 2273; x_wconf 84' lang='lat' dir='ltr'><strong>habetur:</strong></span> <span class='ocrx_word' id='word_1_53' title='bbox 1520 2208 1811 2294; x_wconf 80' lang='lat' dir='ltr'><strong>equitum,</strong></span> <span class='ocrx_word' id='word_1_54' title='bbox 1866 2215 1927 2274; x_wconf 94' lang='lat' dir='ltr'><strong>et</strong></span> <span class='ocrx_word' id='word_1_55' title='bbox 1969 2209 2240 2294; x_wconf 89' lang='lat' dir='ltr'><strong>peditum</strong></span> <span class='ocrx_word' id='word_1_56' title='bbox 2291 2210 2486 2274; x_wconf 89' lang='lat' dir='ltr'><strong>omnis</strong></span> <span class='ocrx_word' id='word_1_57' title='bbox 2536 2210 2770 2295; x_wconf 86' lang='lat' dir='ltr'><strong>generis</strong></span> 
     </span>
     <span class='ocr_line' id='line_1_9' title="bbox 379 2290 2771 2380; baseline 0.002 -22"><span class='ocrx_word' id='word_1_58' title='bbox 379 2290 564 2359; x_wconf 85' lang='lat' dir='ltr'><strong>millia</strong></span> <span class='ocrx_word' id='word_1_59' title='bbox 592 2294 824 2359; x_wconf 79' lang='lat' dir='ltr'><strong>circiter</strong></span> <span class='ocrx_word' id='word_1_60' title='bbox 851 2300 987 2360; x_wconf 88' lang='lat' dir='ltr'><strong>octo</strong></span> <span class='ocrx_word' id='word_1_61' title='bbox 1032 2300 1348 2380; x_wconf 86' lang='lat' dir='ltr'><strong>coguntur.</strong></span> <span class='ocrx_word' id='word_1_62' title='bbox 1435 2294 1534 2359; x_wconf 82' lang='lat' dir='ltr'><strong>Ex</strong></span> <span class='ocrx_word' id='word_1_63' title='bbox 1560 2294 1654 2373; x_wconf 90' lang='lat' dir='ltr'><strong>iis,</strong></span> <span class='ocrx_word' id='word_1_64' title='bbox 1687 2296 1793 2380; x_wconf 91' lang='lat' dir='ltr'><strong>qui</strong></span> <span class='ocrx_word' id='word_1_65' title='bbox 1822 2294 1917 2360; x_wconf 87' lang='lat' dir='ltr'><strong>vel</strong></span> <span class='ocrx_word' id='word_1_66' title='bbox 1972 2296 2138 2361; x_wconf 88' lang='lat' dir='ltr'><strong>senio</strong></span> <span class='ocrx_word' id='word_1_67' title='bbox 2167 2297 2444 2375; x_wconf 88' lang='lat' dir='ltr'><strong>confecti,</strong></span> <span class='ocrx_word' id='word_1_68' title='bbox 2473 2296 2567 2362; x_wconf 88' lang='lat' dir='ltr'><strong>vel</strong></span> <span class='ocrx_word' id='word_1_69' title='bbox 2596 2303 2771 2362; x_wconf 83' lang='lat' dir='ltr'><strong>aetate</strong></span> 
     </span>
     <span class='ocr_line' id='line_1_10' title="bbox 376 2380 2775 2471; baseline 0.002 -28"><span class='ocrx_word' id='word_1_70' title='bbox 376 2380 680 2445; x_wconf 87' lang='lat' dir='ltr'><strong>immaturi</strong></span> <span class='ocrx_word' id='word_1_71' title='bbox 707 2380 1028 2466; x_wconf 84' lang='lat' dir='ltr'><strong>praeliando</strong></span> <span class='ocrx_word' id='word_1_72' title='bbox 1056 2382 1257 2447; x_wconf 90' lang='lat' dir='ltr'><strong>idonei</strong></span> <span class='ocrx_word' id='word_1_73' title='bbox 1285 2380 1616 2461; x_wconf 87' lang='lat' dir='ltr'><strong>videantur,</strong></span> <span class='ocrx_word' id='word_1_74' title='bbox 1649 2381 2052 2448; x_wconf 86' lang='lat' dir='ltr'><strong>dimittuntur.</strong></span> <span class='ocrx_word' id='word_1_75' title='bbox 2096 2382 2285 2469; x_wconf 80' lang='lat' dir='ltr'><strong>Angli</strong></span> <span class='ocrx_word' id='word_1_76' title='bbox 2311 2390 2551 2471; x_wconf 83' lang='lat' dir='ltr'><strong>tyrones</strong></span> <span class='ocrx_word' id='word_1_77' title='bbox 2579 2405 2775 2469; x_wconf 86' lang='lat' dir='ltr'><strong>nuper</strong></span> 
     </span>
     <span class='ocr_line' id='line_1_11' title="bbox 377 2466 2769 2556; baseline 0.001 -24"><span class='ocrx_word' id='word_1_78' title='bbox 377 2466 552 2532; x_wconf 84' lang='lat' dir='ltr'><strong>acciti</strong></span> <span class='ocrx_word' id='word_1_79' title='bbox 581 2468 646 2531; x_wconf 90' lang='lat' dir='ltr'><strong>in</strong></span> <span class='ocrx_word' id='word_1_80' title='bbox 666 2467 960 2552; x_wconf 85' lang='lat' dir='ltr'><strong>praesidiis</strong></span> <span class='ocrx_word' id='word_1_81' title='bbox 989 2466 1372 2533; x_wconf 82' lang='lat' dir='ltr'><strong>collocantur.</strong></span> <span class='ocrx_word' id='word_1_82' title='bbox 1463 2468 1558 2533; x_wconf 81' lang='lat' dir='ltr'><strong>Ex</strong></span> <span class='ocrx_word' id='word_1_83' title='bbox 1585 2474 1932 2533; x_wconf 83' lang='lat' dir='ltr'><strong>caeterorum</strong></span> <span class='ocrx_word' id='word_1_84' title='bbox 1960 2492 2210 2535; x_wconf 87' lang='lat' dir='ltr'><strong>numero</strong></span> <span class='ocrx_word' id='word_1_85' title='bbox 2234 2470 2461 2550; x_wconf 90' lang='lat' dir='ltr'><strong>Iberni,</strong></span> <span class='ocrx_word' id='word_1_86' title='bbox 2492 2476 2553 2535; x_wconf 89' lang='lat' dir='ltr'><strong>et</strong></span> <span class='ocrx_word' id='word_1_87' title='bbox 2582 2469 2769 2556; x_wconf 81' lang='lat' dir='ltr'><strong>Angli</strong></span> 
     </span>
     <span class='ocr_line' id='line_1_12' title="bbox 377 2554 2771 2643; baseline 0.002 -26"><span class='ocrx_word' id='word_1_88' title='bbox 377 2554 608 2639; x_wconf 85' lang='lat' dir='ltr'><strong>pedites</strong></span> <span class='ocrx_word' id='word_1_89' title='bbox 637 2560 845 2637; x_wconf 88' lang='lat' dir='ltr'><strong>quater</strong></span> <span class='ocrx_word' id='word_1_90' title='bbox 890 2554 1069 2632; x_wconf 88' lang='lat' dir='ltr'><strong>mille,</strong></span> <span class='ocrx_word' id='word_1_91' title='bbox 1103 2562 1163 2619; x_wconf 90' lang='lat' dir='ltr'><strong>et</strong></span> <span class='ocrx_word' id='word_1_92' title='bbox 1213 2555 1544 2639; x_wconf 84' lang='lat' dir='ltr'><strong>quingenti,</strong></span> <span class='ocrx_word' id='word_1_93' title='bbox 1573 2561 1634 2619; x_wconf 91' lang='lat' dir='ltr'><strong>et</strong></span> <span class='ocrx_word' id='word_1_94' title='bbox 1684 2554 1913 2639; x_wconf 81' lang='lat' dir='ltr'><strong>equites</strong></span> <span class='ocrx_word' id='word_1_95' title='bbox 1944 2555 2257 2642; x_wconf 86' lang='lat' dir='ltr'><strong>quingenti</strong></span> <span class='ocrx_word' id='word_1_96' title='bbox 2306 2556 2536 2635; x_wconf 90' lang='lat' dir='ltr'><strong>robore,</strong></span> <span class='ocrx_word' id='word_1_97' title='bbox 2566 2557 2771 2643; x_wconf 90' lang='lat' dir='ltr'><strong>reique</strong></span> 
     </span>
     <span class='ocr_line' id='line_1_13' title="bbox 377 2638 2769 2726; baseline 0.001 -21"><span class='ocrx_word' id='word_1_98' title='bbox 377 2638 650 2705; x_wconf 81' lang='lat' dir='ltr'><strong>militaris</strong></span> <span class='ocrx_word' id='word_1_99' title='bbox 663 2640 890 2725; x_wconf 81' lang='lat' dir='ltr'><strong>peritia</strong></span> <span class='ocrx_word' id='word_1_100' title='bbox 935 2641 1106 2706; x_wconf 86' lang='lat' dir='ltr'><strong>electi</strong></span> <span class='ocrx_word' id='word_1_101' title='bbox 1134 2640 1206 2705; x_wconf 89' lang='lat' dir='ltr'><strong>ad</strong></span> <span class='ocrx_word' id='word_1_102' title='bbox 1239 2640 1654 2726; x_wconf 87' lang='lat' dir='ltr'><strong>opitulandum</strong></span> <span class='ocrx_word' id='word_1_103' title='bbox 1695 2640 1993 2706; x_wconf 85' lang='lat' dir='ltr'><strong>Portmori</strong></span> <span class='ocrx_word' id='word_1_104' title='bbox 2022 2641 2413 2707; x_wconf 84' lang='lat' dir='ltr'><strong>destinantur.</strong></span> <span class='ocrx_word' id='word_1_105' title='bbox 2501 2642 2598 2708; x_wconf 86' lang='lat' dir='ltr'><strong>Ex</strong></span> <span class='ocrx_word' id='word_1_106' title='bbox 2626 2666 2769 2708; x_wconf 85' lang='lat' dir='ltr'><strong>aux-</strong></span> 
     </span>
     <span class='ocr_line' id='line_1_14' title="bbox 375 2724 2770 2815; baseline 0.002 -24"><span class='ocrx_word' id='word_1_107' title='bbox 375 2724 644 2791; x_wconf 85' lang='lat' dir='ltr'><strong>iliaribus</strong></span> <span class='ocrx_word' id='word_1_108' title='bbox 673 2724 928 2813; x_wconf 77' lang='lat' dir='ltr'><strong>IberniS,</strong></span> <span class='ocrx_word' id='word_1_109' title='bbox 958 2727 1282 2812; x_wconf 79' lang='lat' dir='ltr'><strong>paucisque</strong></span> <span class='ocrx_word' id='word_1_110' title='bbox 1309 2726 1598 2792; x_wconf 85' lang='lat' dir='ltr'><strong>militibus</strong></span> <span class='ocrx_word' id='word_1_111' title='bbox 1616 2726 1673 2791; x_wconf 91' lang='lat' dir='ltr'><strong>le</strong></span> <span class='ocrx_word' id='word_1_112' title='bbox 1722 2728 1957 2792; x_wconf 75' lang='lat' dir='ltr'><strong>&#39;onai-iis</strong></span> <span class='ocrx_word' id='word_1_113' title='bbox 1974 2728 2229 2807; x_wconf 78' lang='lat' dir='ltr'><strong>IberniS‚</strong></span> <span class='ocrx_word' id='word_1_114' title='bbox 2260 2736 2323 2793; x_wconf 81' lang='lat' dir='ltr'><strong>et</strong></span> <span class='ocrx_word' id='word_1_115' title='bbox 2349 2729 2567 2815; x_wconf 83' lang='lat' dir='ltr'><strong>Anglis</strong></span> <span class='ocrx_word' id='word_1_116' title='bbox 2586 2728 2770 2795; x_wconf 89' lang='lat' dir='ltr'><strong>millia</strong></span> 
     </span>
     <span class='ocr_line' id='line_1_15' title="bbox 379 2811 2770 2901; baseline 0.001 -23"><span class='ocrx_word' id='word_1_117' title='bbox 379 2812 523 2891; x_wconf 85' lang='lat' dir='ltr'><strong>due,</strong></span> <span class='ocrx_word' id='word_1_118' title='bbox 556 2834 810 2897; x_wconf 89' lang='lat' dir='ltr'><strong>quorum</strong></span> <span class='ocrx_word' id='word_1_119' title='bbox 858 2820 1026 2878; x_wconf 88' lang='lat' dir='ltr'><strong>erant</strong></span> <span class='ocrx_word' id='word_1_120' title='bbox 1075 2814 1302 2898; x_wconf 86' lang='lat' dir='ltr'><strong>equites</strong></span> <span class='ocrx_word' id='word_1_121' title='bbox 1332 2812 1522 2899; x_wconf 89' lang='lat' dir='ltr'><strong>pauci,</strong></span> <span class='ocrx_word' id='word_1_122' title='bbox 1555 2811 1632 2878; x_wconf 84' lang='lat' dir='ltr'><strong>ad</strong></span> <span class='ocrx_word' id='word_1_123' title='bbox 1715 2813 2060 2899; x_wconf 84' lang='lat' dir='ltr'><strong>agenienses</strong></span> <span class='ocrx_word' id='word_1_124' title='bbox 2088 2822 2287 2879; x_wconf 80' lang='lat' dir='ltr'><strong>motus</strong></span> <span class='ocrx_word' id='word_1_125' title='bbox 2316 2816 2770 2901; x_wconf 88' lang='lat' dir='ltr'><strong>supprimendos</strong></span> 
     </span>
     <span class='ocr_line' id='line_1_16' title="bbox 378 2898 2773 2988; baseline 0.001 -23"><span class='ocrx_word' id='word_1_126' title='bbox 378 2898 674 2965; x_wconf 87' lang='lat' dir='ltr'><strong>Urmonio</strong></span> <span class='ocrx_word' id='word_1_127' title='bbox 702 2899 924 2965; x_wconf 88' lang='lat' dir='ltr'><strong>Comiti</strong></span> <span class='ocrx_word' id='word_1_128' title='bbox 953 2898 1379 2965; x_wconf 84' lang='lat' dir='ltr'><strong>attribuuntur.</strong></span> <span class='ocrx_word' id='word_1_129' title='bbox 1469 2899 1707 2971; x_wconf 82' lang='lat' dir='ltr'><strong>Quibus</strong></span> <span class='ocrx_word' id='word_1_130' title='bbox 1735 2900 1897 2965; x_wconf 90' lang='lat' dir='ltr'><strong>haud</strong></span> <span class='ocrx_word' id='word_1_131' title='bbox 1927 2899 2239 2967; x_wconf 87' lang='lat' dir='ltr'><strong>dubitabat</strong></span> <span class='ocrx_word' id='word_1_132' title='bbox 2255 2901 2604 2981; x_wconf 85' lang='lat' dir='ltr'><strong>Urmonius,</strong></span> <span class='ocrx_word' id='word_1_133' title='bbox 2624 2902 2773 2988; x_wconf 89' lang='lat' dir='ltr'><strong>quin</strong></span> 
     </span>
     <span class='ocr_line' id='line_1_17' title="bbox 379 2985 2773 3075; baseline 0.001 -25"><span class='ocrx_word' id='word_1_134' title='bbox 379 2985 682 3072; x_wconf 82' lang='lat' dir='ltr'><strong>subigeret</strong></span> <span class='ocrx_word' id='word_1_135' title='bbox 730 2986 975 3067; x_wconf 89' lang='lat' dir='ltr'><strong>Lisiam,</strong></span> <span class='ocrx_word' id='word_1_136' title='bbox 1008 2995 1069 3052; x_wconf 84' lang='lat' dir='ltr'><strong>et</strong></span> <span class='ocrx_word' id='word_1_137' title='bbox 1098 3009 1303 3052; x_wconf 88' lang='lat' dir='ltr'><strong>omnes</strong></span> <span class='ocrx_word' id='word_1_138' title='bbox 1352 2986 1633 3073; x_wconf 81' lang='lat' dir='ltr'><strong>Lageniae</strong></span> <span class='ocrx_word' id='word_1_139' title='bbox 1683 2995 1883 3052; x_wconf 88' lang='lat' dir='ltr'><strong>motus</strong></span> <span class='ocrx_word' id='word_1_140' title='bbox 1926 2996 2181 3073; x_wconf 82' lang='lat' dir='ltr'><strong>pacaret.</strong></span> <span class='ocrx_word' id='word_1_141' title='bbox 2268 2987 2515 3068; x_wconf 86' lang='lat' dir='ltr'><strong>Lisiam,</strong></span> <span class='ocrx_word' id='word_1_142' title='bbox 2558 2990 2624 3053; x_wconf 90' lang='lat' dir='ltr'><strong>in</strong></span> <span class='ocrx_word' id='word_1_143' title='bbox 2654 3009 2773 3075; x_wconf 86' lang='lat' dir='ltr'><strong>qua</strong></span> 
     </span>
     <span class='ocr_line' id='line_1_18' title="bbox 377 3072 2770 3161; baseline 0.001 -23"><span class='ocrx_word' id='word_1_144' title='bbox 377 3072 516 3159; x_wconf 86' lang='lat' dir='ltr'><strong>plus</strong></span> <span class='ocrx_word' id='word_1_145' title='bbox 545 3096 670 3139; x_wconf 88' lang='lat' dir='ltr'><strong>esse</strong></span> <span class='ocrx_word' id='word_1_146' title='bbox 699 3074 932 3159; x_wconf 86' lang='lat' dir='ltr'><strong>negocii</strong></span> <span class='ocrx_word' id='word_1_147' title='bbox 950 3072 1278 3154; x_wconf 84' lang='lat' dir='ltr'><strong>videbatur,</strong></span> <span class='ocrx_word' id='word_1_148' title='bbox 1311 3075 1568 3160; x_wconf 86' lang='lat' dir='ltr'><strong>primum</strong></span> <span class='ocrx_word' id='word_1_149' title='bbox 1598 3074 2011 3161; x_wconf 63' lang='lat' dir='ltr'><strong>aggrediturs*</strong></span> <span class='ocrx_word' id='word_1_150' title='bbox 2096 3074 2437 3141; x_wconf 89' lang='lat' dir='ltr'><strong>Bernardus</strong></span> <span class='ocrx_word' id='word_1_151' title='bbox 2464 3076 2540 3140; x_wconf 91' lang='lat' dir='ltr'><strong>O&#39;</strong></span> <span class='ocrx_word' id='word_1_152' title='bbox 2546 3076 2770 3153; x_wconf 82' lang='lat' dir='ltr'><strong>Morta,</strong></span> 
     </span>
     <span class='ocr_line' id='line_1_19' title="bbox 381 3160 2772 3249; baseline 0.001 -24"><span class='ocrx_word' id='word_1_153' title='bbox 381 3161 484 3246; x_wconf 86' lang='lat' dir='ltr'><strong>qui</strong></span> <span class='ocrx_word' id='word_1_154' title='bbox 535 3160 762 3246; x_wconf 87' lang='lat' dir='ltr'><strong>pedites</strong></span> <span class='ocrx_word' id='word_1_155' title='bbox 808 3168 1042 3226; x_wconf 87' lang='lat' dir='ltr'><strong>tantum</strong></span> <span class='ocrx_word' id='word_1_156' title='bbox 1089 3168 1386 3227; x_wconf 86' lang='lat' dir='ltr'><strong>trecentos</strong></span> <span class='ocrx_word' id='word_1_157' title='bbox 1434 3160 1710 3241; x_wconf 86' lang='lat' dir='ltr'><strong>habebat,</strong></span> <span class='ocrx_word' id='word_1_158' title='bbox 1739 3162 1805 3227; x_wconf 91' lang='lat' dir='ltr'><strong>in</strong></span> <span class='ocrx_word' id='word_1_159' title='bbox 1835 3162 2081 3228; x_wconf 89' lang='lat' dir='ltr'><strong>summis</strong></span> <span class='ocrx_word' id='word_1_160' title='bbox 2107 3185 2307 3228; x_wconf 89' lang='lat' dir='ltr'><strong>rerum</strong></span> <span class='ocrx_word' id='word_1_161' title='bbox 2336 3164 2625 3249; x_wconf 86' lang='lat' dir='ltr'><strong>angustiis</strong></span> <span class='ocrx_word' id='word_1_162' title='bbox 2653 3162 2772 3227; x_wconf 90' lang='lat' dir='ltr'><strong>Ur-</strong></span> 
     </span>
     <span class='ocr_line' id='line_1_20' title="bbox 382 3247 2771 3335; baseline 0.002 -24"><span class='ocrx_word' id='word_1_163' title='bbox 382 3247 650 3313; x_wconf 90' lang='lat' dir='ltr'><strong>monium</strong></span> <span class='ocrx_word' id='word_1_164' title='bbox 680 3270 824 3313; x_wconf 86' lang='lat' dir='ltr'><strong>auso</strong></span> <span class='ocrx_word' id='word_1_165' title='bbox 852 3248 1163 3334; x_wconf 89' lang='lat' dir='ltr'><strong>prohibere</strong></span> <span class='ocrx_word' id='word_1_166' title='bbox 1192 3248 1438 3314; x_wconf 75' lang='lat' dir='ltr'><strong>minime</strong></span> <span class='ocrx_word' id='word_1_167' title='bbox 1467 3252 1798 3327; x_wconf 87' lang='lat' dir='ltr'><strong>cunctatur,</strong></span> <span class='ocrx_word' id='word_1_168' title='bbox 1829 3249 2109 3315; x_wconf 89' lang='lat' dir='ltr'><strong>itinerum</strong></span> <span class='ocrx_word' id='word_1_169' title='bbox 2139 3251 2445 3335; x_wconf 87' lang='lat' dir='ltr'><strong>angustias</strong></span> <span class='ocrx_word' id='word_1_170' title='bbox 2473 3249 2771 3316; x_wconf 85' lang='lat' dir='ltr'><strong>obsidens.</strong></span> 
     </span>
     <span class='ocr_line' id='line_1_21' title="bbox 382 3333 2772 3424; baseline 0.002 -25"><span class='ocrx_word' id='word_1_171' title='bbox 382 3333 460 3399; x_wconf 91' lang='lat' dir='ltr'><strong>In</strong></span> <span class='ocrx_word' id='word_1_172' title='bbox 487 3333 658 3399; x_wconf 88' lang='lat' dir='ltr'><strong>illum</strong></span> <span class='ocrx_word' id='word_1_173' title='bbox 687 3334 1014 3401; x_wconf 87' lang='lat' dir='ltr'><strong>Urmonius</strong></span> <span class='ocrx_word' id='word_1_174' title='bbox 1041 3336 1230 3401; x_wconf 88' lang='lat' dir='ltr'><strong>mittit</strong></span> <span class='ocrx_word' id='word_1_175' title='bbox 1277 3335 1506 3421; x_wconf 83' lang='lat' dir='ltr'><strong>pedites</strong></span> <span class='ocrx_word' id='word_1_176' title='bbox 1531 3336 1694 3402; x_wconf 90' lang='lat' dir='ltr'><strong>mille</strong></span> <span class='ocrx_word' id='word_1_177' title='bbox 1722 3336 1991 3416; x_wconf 87' lang='lat' dir='ltr'><strong>Ibernos,</strong></span> <span class='ocrx_word' id='word_1_178' title='bbox 2022 3343 2083 3403; x_wconf 88' lang='lat' dir='ltr'><strong>et</strong></span> <span class='ocrx_word' id='word_1_179' title='bbox 2109 3336 2345 3424; x_wconf 81' lang='lat' dir='ltr'><strong>Anglos</strong></span> <span class='ocrx_word' id='word_1_180' title='bbox 2372 3336 2545 3403; x_wconf 89' lang='lat' dir='ltr'><strong>Duce</strong></span> <span class='ocrx_word' id='word_1_181' title='bbox 2573 3337 2616 3401; x_wconf 88' lang='lat' dir='ltr'><strong>J</strong></span> <span class='ocrx_word' id='word_1_182' title='bbox 2617 3338 2772 3403; x_wconf 86' lang='lat' dir='ltr'><strong>aimo</strong></span> 
     </span>
     <span class='ocr_line' id='line_1_22' title="bbox 381 3420 2773 3507; baseline 0.002 -22"><span class='ocrx_word' id='word_1_183' title='bbox 381 3420 658 3487; x_wconf 87' lang='lat' dir='ltr'><strong>Buttlero</strong></span> <span class='ocrx_word' id='word_1_184' title='bbox 707 3430 924 3507; x_wconf 88' lang='lat' dir='ltr'><strong>nepote</strong></span> <span class='ocrx_word' id='word_1_185' title='bbox 969 3444 1079 3488; x_wconf 90' lang='lat' dir='ltr'><strong>suo</strong></span> <span class='ocrx_word' id='word_1_186' title='bbox 1116 3446 1190 3489; x_wconf 81' lang='lat' dir='ltr'><strong>ex</strong></span> <span class='ocrx_word' id='word_1_187' title='bbox 1239 3424 1418 3489; x_wconf 84' lang='lat' dir='ltr'><strong>fratre</strong></span> <span class='ocrx_word' id='word_1_188' title='bbox 1445 3423 1743 3489; x_wconf 77' lang='lat' dir='ltr'><strong>EdvardO.</strong></span> <span class='ocrx_word' id='word_1_189' title='bbox 1832 3423 2173 3490; x_wconf 76' lang='lat' dir='ltr'><strong>Bernartius</strong></span> <span class='ocrx_word' id='word_1_190' title='bbox 2199 3424 2317 3490; x_wconf 91' lang='lat' dir='ltr'><strong>loci</strong></span> <span class='ocrx_word' id='word_1_191' title='bbox 2346 3432 2558 3490; x_wconf 84' lang='lat' dir='ltr'><strong>natura</strong></span> <span class='ocrx_word' id='word_1_192' title='bbox 2585 3425 2773 3489; x_wconf 86' lang='lat' dir='ltr'><strong>fretus</strong></span> 
     </span>
    </p>

    <p class='ocr_par' dir='ltr' id='par_1_5' title="bbox 425 3507 2771 3597">
     <span class='ocr_line' id='line_1_23' title="bbox 425 3507 2771 3597; baseline 0.001 -25"><span class='ocrx_word' id='word_1_193' title='bbox 425 3507 636 3573; x_wconf 82' lang='lat' dir='ltr'><strong>raeliari</strong></span> <span class='ocrx_word' id='word_1_194' title='bbox 681 3531 804 3573; x_wconf 87' lang='lat' dir='ltr'><strong>non</strong></span> <span class='ocrx_word' id='word_1_195' title='bbox 855 3509 1108 3575; x_wconf 86' lang='lat' dir='ltr'><strong>dubitat.</strong></span> <span class='ocrx_word' id='word_1_196' title='bbox 1197 3509 1241 3573; x_wconf 86' lang='lat' dir='ltr'><strong>J</strong></span> <span class='ocrx_word' id='word_1_197' title='bbox 1241 3510 1430 3575; x_wconf 87' lang='lat' dir='ltr'><strong>aimus</strong></span> <span class='ocrx_word' id='word_1_198' title='bbox 1473 3511 1658 3596; x_wconf 90' lang='lat' dir='ltr'><strong>copiis</strong></span> <span class='ocrx_word' id='word_1_199' title='bbox 1698 3511 1764 3575; x_wconf 92' lang='lat' dir='ltr'><strong>in</strong></span> <span class='ocrx_word' id='word_1_200' title='bbox 1796 3510 1943 3575; x_wconf 87' lang='lat' dir='ltr'><strong>duas</strong></span> <span class='ocrx_word' id='word_1_201' title='bbox 1974 3518 2168 3597; x_wconf 88' lang='lat' dir='ltr'><strong>partes</strong></span> <span class='ocrx_word' id='word_1_202' title='bbox 2197 3511 2401 3576; x_wconf 84' lang='lat' dir='ltr'><strong>divisis</strong></span> <span class='ocrx_word' id='word_1_203' title='bbox 2427 3510 2598 3577; x_wconf 89' lang='lat' dir='ltr'><strong>illum</strong></span> <span class='ocrx_word' id='word_1_204' title='bbox 2627 3510 2771 3575; x_wconf 89' lang='lat' dir='ltr'><strong>adit.</strong></span> 
     </span>
    </p>

    <p class='ocr_par' dir='ltr' id='par_1_6' title="bbox 382 3594 2775 4289">
     <span class='ocr_line' id='line_1_24' title="bbox 447 3594 2771 3684; baseline 0.001 -25"><span class='ocrx_word' id='word_1_205' title='bbox 447 3594 564 3661; x_wconf 91' lang='lat' dir='ltr'><strong>nde</strong></span> <span class='ocrx_word' id='word_1_206' title='bbox 591 3594 932 3661; x_wconf 71' lang='lat' dir='ltr'><strong>Bel-nardus</strong></span> <span class='ocrx_word' id='word_1_207' title='bbox 961 3596 1441 3661; x_wconf 85' lang='lat' dir='ltr'><strong>commoditatem</strong></span> <span class='ocrx_word' id='word_1_208' title='bbox 1467 3596 1583 3661; x_wconf 87' lang='lat' dir='ltr'><strong>loci</strong></span> <span class='ocrx_word' id='word_1_209' title='bbox 1623 3597 1887 3663; x_wconf 87' lang='lat' dir='ltr'><strong>deserere</strong></span> <span class='ocrx_word' id='word_1_210' title='bbox 1916 3606 2175 3675; x_wconf 85' lang='lat' dir='ltr'><strong>coactus,</strong></span> <span class='ocrx_word' id='word_1_211' title='bbox 2206 3620 2341 3663; x_wconf 90' lang='lat' dir='ltr'><strong>cum</strong></span> <span class='ocrx_word' id='word_1_212' title='bbox 2374 3597 2557 3662; x_wconf 87' lang='lat' dir='ltr'><strong>altera</strong></span> <span class='ocrx_word' id='word_1_213' title='bbox 2584 3604 2771 3684; x_wconf 87' lang='lat' dir='ltr'><strong>parte,</strong></span> 
     </span>
     <span class='ocr_line' id='line_1_25' title="bbox 382 3681 2773 3770; baseline 0 -24"><span class='ocrx_word' id='word_1_214' title='bbox 382 3682 447 3747; x_wconf 90' lang='lat' dir='ltr'><strong>in</strong></span> <span class='ocrx_word' id='word_1_215' title='bbox 478 3701 597 3767; x_wconf 85' lang='lat' dir='ltr'><strong>qua</strong></span> <span class='ocrx_word' id='word_1_216' title='bbox 625 3682 668 3746; x_wconf 88' lang='lat' dir='ltr'><strong>J</strong></span> <span class='ocrx_word' id='word_1_217' title='bbox 669 3683 858 3748; x_wconf 82' lang='lat' dir='ltr'><strong>aimus</strong></span> <span class='ocrx_word' id='word_1_218' title='bbox 909 3688 1053 3761; x_wconf 84' lang='lat' dir='ltr'><strong>erat,</strong></span> <span class='ocrx_word' id='word_1_219' title='bbox 1099 3684 1166 3747; x_wconf 88' lang='lat' dir='ltr'><strong>in</strong></span> <span class='ocrx_word' id='word_1_220' title='bbox 1214 3681 1392 3768; x_wconf 90' lang='lat' dir='ltr'><strong>plano</strong></span> <span class='ocrx_word' id='word_1_221' title='bbox 1443 3684 1786 3762; x_wconf 83' lang='lat' dir='ltr'><strong>missilibuS,</strong></span> <span class='ocrx_word' id='word_1_222' title='bbox 1834 3683 2087 3748; x_wconf 73' lang='lat' dir='ltr'><strong>maxime</strong></span> <span class='ocrx_word' id='word_1_223' title='bbox 2130 3683 2526 3749; x_wconf 86' lang='lat' dir='ltr'><strong>bombardicis</strong></span> <span class='ocrx_word' id='word_1_224' title='bbox 2569 3683 2773 3770; x_wconf 87' lang='lat' dir='ltr'><strong>pilulis</strong></span> 
     </span>
     <span class='ocr_line' id='line_1_26' title="bbox 386 3767 2770 3856; baseline 0.001 -24"><span class='ocrx_word' id='word_1_225' title='bbox 386 3767 646 3849; x_wconf 88' lang='lat' dir='ltr'><strong>dimicat,</strong></span> <span class='ocrx_word' id='word_1_226' title='bbox 679 3778 740 3835; x_wconf 87' lang='lat' dir='ltr'><strong>et</strong></span> <span class='ocrx_word' id='word_1_227' title='bbox 766 3768 968 3856; x_wconf 76' lang='lat' dir='ltr'><strong>pilulae</strong></span> <span class='ocrx_word' id='word_1_228' title='bbox 991 3769 1160 3854; x_wconf 85' lang='lat' dir='ltr'><strong>jactu</strong></span> <span class='ocrx_word' id='word_1_229' title='bbox 1188 3768 1534 3834; x_wconf 87' lang='lat' dir='ltr'><strong>vulneratus</strong></span> <span class='ocrx_word' id='word_1_230' title='bbox 1578 3770 1768 3854; x_wconf 85' lang='lat' dir='ltr'><strong>magis</strong></span> <span class='ocrx_word' id='word_1_231' title='bbox 1815 3770 2013 3835; x_wconf 89' lang='lat' dir='ltr'><strong>animo</strong></span> <span class='ocrx_word' id='word_1_232' title='bbox 2056 3792 2357 3848; x_wconf 78' lang='lat' dir='ltr'><strong>acoenSUS,</strong></span> <span class='ocrx_word' id='word_1_233' title='bbox 2412 3771 2593 3855; x_wconf 66' lang='lat' dir='ltr'><strong>quam</strong></span> <span class='ocrx_word' id='word_1_234' title='bbox 2620 3771 2770 3835; x_wconf 86' lang='lat' dir='ltr'><strong>frac-</strong></span> 
     </span>
     <span class='ocr_line' id='line_1_27' title="bbox 383 3855 2773 3943; baseline 0.001 -24"><span class='ocrx_word' id='word_1_235' title='bbox 383 3862 503 3934; x_wconf 87' lang='lat' dir='ltr'><strong>tus,</strong></span> <span class='ocrx_word' id='word_1_236' title='bbox 535 3878 674 3921; x_wconf 89' lang='lat' dir='ltr'><strong>suos</strong></span> <span class='ocrx_word' id='word_1_237' title='bbox 721 3857 1064 3921; x_wconf 85' lang='lat' dir='ltr'><strong>cohortatus</strong></span> <span class='ocrx_word' id='word_1_238' title='bbox 1115 3856 1308 3920; x_wconf 89' lang='lat' dir='ltr'><strong>acrius</strong></span> <span class='ocrx_word' id='word_1_239' title='bbox 1353 3862 1603 3941; x_wconf 89' lang='lat' dir='ltr'><strong>pugnat.</strong></span> <span class='ocrx_word' id='word_1_240' title='bbox 1693 3855 1736 3919; x_wconf 88' lang='lat' dir='ltr'><strong>J</strong></span> <span class='ocrx_word' id='word_1_241' title='bbox 1735 3856 1927 3920; x_wconf 86' lang='lat' dir='ltr'><strong>aimus</strong></span> <span class='ocrx_word' id='word_1_242' title='bbox 1977 3856 2199 3943; x_wconf 88' lang='lat' dir='ltr'><strong>duplici</strong></span> <span class='ocrx_word' id='word_1_243' title='bbox 2248 3856 2527 3943; x_wconf 89' lang='lat' dir='ltr'><strong>plumbea</strong></span> <span class='ocrx_word' id='word_1_244' title='bbox 2556 3856 2773 3941; x_wconf 89' lang='lat' dir='ltr'><strong>glande</strong></span> 
     </span>
     <span class='ocr_line' id='line_1_28' title="bbox 386 3940 2775 4029; baseline 0 -22"><span class='ocrx_word' id='word_1_245' title='bbox 386 3943 672 4028; x_wconf 86' lang='lat' dir='ltr'><strong>trajectus</strong></span> <span class='ocrx_word' id='word_1_246' title='bbox 700 3943 792 4007; x_wconf 87' lang='lat' dir='ltr'><strong>vir</strong></span> <span class='ocrx_word' id='word_1_247' title='bbox 807 3942 1092 4027; x_wconf 86' lang='lat' dir='ltr'><strong>religione</strong></span> <span class='ocrx_word' id='word_1_248' title='bbox 1113 3940 1472 4021; x_wconf 69' lang='lat' dir='ltr'><strong>CatholieuS,</strong></span> <span class='ocrx_word' id='word_1_249' title='bbox 1504 3949 1565 4006; x_wconf 86' lang='lat' dir='ltr'><strong>et</strong></span> <span class='ocrx_word' id='word_1_250' title='bbox 1593 3964 1808 4027; x_wconf 84' lang='lat' dir='ltr'><strong>genere</strong></span> <span class='ocrx_word' id='word_1_251' title='bbox 1837 3942 2028 4008; x_wconf 85' lang='lat' dir='ltr'><strong>clarus</strong></span> <span class='ocrx_word' id='word_1_252' title='bbox 2057 3966 2165 4029; x_wconf 86' lang='lat' dir='ltr'><strong>pro</strong></span> <span class='ocrx_word' id='word_1_253' title='bbox 2194 3944 2483 4009; x_wconf 67' lang='lat' dir='ltr'><strong>haereticis</strong></span> <span class='ocrx_word' id='word_1_254' title='bbox 2501 3944 2775 4029; x_wconf 81' lang='lat' dir='ltr'><strong>praelians</strong></span> 
     </span>
     <span class='ocr_line' id='line_1_29' title="bbox 385 4028 2775 4116; baseline 0.001 -23"><span class='ocrx_word' id='word_1_255' title='bbox 385 4028 708 4095; x_wconf 66' lang='lat' dir='ltr'><strong>miserrime</strong></span> <span class='ocrx_word' id='word_1_256' title='bbox 737 4030 970 4115; x_wconf 86' lang='lat' dir='ltr'><strong>perivit.</strong></span> <span class='ocrx_word' id='word_1_257' title='bbox 1061 4028 1200 4100; x_wconf 81' lang='lat' dir='ltr'><strong>Quo</strong></span> <span class='ocrx_word' id='word_1_258' title='bbox 1229 4028 1539 4093; x_wconf 85' lang='lat' dir='ltr'><strong>interfecto</strong></span> <span class='ocrx_word' id='word_1_259' title='bbox 1560 4030 1758 4094; x_wconf 82' lang='lat' dir='ltr'><strong>caeteri</strong></span> <span class='ocrx_word' id='word_1_260' title='bbox 1787 4036 1952 4115; x_wconf 86' lang='lat' dir='ltr'><strong>terga</strong></span> <span class='ocrx_word' id='word_1_261' title='bbox 1984 4038 2242 4095; x_wconf 86' lang='lat' dir='ltr'><strong>vertunt.</strong></span> <span class='ocrx_word' id='word_1_262' title='bbox 2300 4030 2385 4095; x_wconf 79' lang='lat' dir='ltr'><strong>Et</strong></span> <span class='ocrx_word' id='word_1_263' title='bbox 2413 4030 2598 4096; x_wconf 84' lang='lat' dir='ltr'><strong>altera</strong></span> <span class='ocrx_word' id='word_1_264' title='bbox 2626 4050 2775 4116; x_wconf 88' lang='lat' dir='ltr'><strong>quo·</strong></span> 
     </span>
     <span class='ocr_line' id='line_1_30' title="bbox 386 4115 2775 4203; baseline 0.001 -23"><span class='ocrx_word' id='word_1_265' title='bbox 386 4135 502 4201; x_wconf 88' lang='lat' dir='ltr'><strong>que</strong></span> <span class='ocrx_word' id='word_1_266' title='bbox 532 4116 834 4201; x_wconf 89' lang='lat' dir='ltr'><strong>copiarum</strong></span> <span class='ocrx_word' id='word_1_267' title='bbox 862 4139 998 4203; x_wconf 87' lang='lat' dir='ltr'><strong>pars</strong></span> <span class='ocrx_word' id='word_1_268' title='bbox 1027 4115 1245 4181; x_wconf 87' lang='lat' dir='ltr'><strong>auxilio</strong></span> <span class='ocrx_word' id='word_1_269' title='bbox 1297 4116 1537 4180; x_wconf 89' lang='lat' dir='ltr'><strong>veniens</strong></span> <span class='ocrx_word' id='word_1_270' title='bbox 1578 4116 1873 4181; x_wconf 88' lang='lat' dir='ltr'><strong>funditur.</strong></span> <span class='ocrx_word' id='word_1_271' title='bbox 1962 4116 2284 4203; x_wconf 82' lang='lat' dir='ltr'><strong>Fugientes</strong></span> <span class='ocrx_word' id='word_1_272' title='bbox 2312 4118 2655 4183; x_wconf 89' lang='lat' dir='ltr'><strong>Bernardus</strong></span> <span class='ocrx_word' id='word_1_273' title='bbox 2684 4140 2775 4182; x_wconf 88' lang='lat' dir='ltr'><strong>se-</strong></span> 
     </span>
     <span class='ocr_line' id='line_1_31' title="bbox 384 4202 2775 4289; baseline 0.001 -22"><span class='ocrx_word' id='word_1_274' title='bbox 384 4210 560 4268; x_wconf 82' lang='lat' dir='ltr'><strong>cutus</strong></span> <span class='ocrx_word' id='word_1_275' title='bbox 606 4212 862 4289; x_wconf 85' lang='lat' dir='ltr'><strong>stragem</strong></span> <span class='ocrx_word' id='word_1_276' title='bbox 908 4202 1236 4268; x_wconf 87' lang='lat' dir='ltr'><strong>multorum</strong></span> <span class='ocrx_word' id='word_1_277' title='bbox 1284 4202 1491 4282; x_wconf 86' lang='lat' dir='ltr'><strong>edidit,</strong></span> <span class='ocrx_word' id='word_1_278' title='bbox 1520 4204 1923 4289; x_wconf 85' lang='lat' dir='ltr'><strong>majoremque</strong></span> <span class='ocrx_word' id='word_1_279' title='bbox 1968 4204 2218 4285; x_wconf 81' lang='lat' dir='ltr'><strong>fecisset,</strong></span> <span class='ocrx_word' id='word_1_280' title='bbox 2264 4205 2379 4269; x_wconf 89' lang='lat' dir='ltr'><strong>nisi</strong></span> <span class='ocrx_word' id='word_1_281' title='bbox 2425 4203 2775 4285; x_wconf 86' lang='lat' dir='ltr'><strong>Urmonius,</strong></span> 
     </span>
    </p>
   </div>
   <div class='ocr_carea' id='block_1_5' title="bbox 387 4452 2785 4910">
    <p class='ocr_par' dir='ltr' id='par_1_7' title="bbox 387 4452 2785 4696">
     <span class='ocr_line' id='line_1_32' title="bbox 387 4452 2773 4553; baseline -0.001 -17"><span class='ocrx_word' id='word_1_282' title='bbox 387 4483 496 4537; x_wconf 84' lang='lat' dir='ltr'><strong>and</strong></span> <span class='ocrx_word' id='word_1_283' title='bbox 520 4452 620 4538; x_wconf 66' lang='lat'><strong>160</strong></span> <span class='ocrx_word' id='word_1_284' title='bbox 645 4484 808 4539; x_wconf 86' lang='lat' dir='ltr'><strong>horse</strong></span> <span class='ocrx_word' id='word_1_285' title='bbox 835 4482 1077 4553; x_wconf 85' lang='lat' dir='ltr'><strong>(Ware),</strong></span> <span class='ocrx_word' id='word_1_286' title='bbox 1100 4480 1244 4536; x_wconf 76' lang='lat' dir='ltr'><strong>after</strong></span> <span class='ocrx_word' id='word_1_287' title='bbox 1269 4481 1452 4535; x_wconf 88' lang='lat' dir='ltr'><strong>landin</strong></span> <span class='ocrx_word' id='word_1_288' title='bbox 1518 4482 1574 4535; x_wconf 88' lang='lat' dir='ltr'><strong>in</strong></span> <span class='ocrx_word' id='word_1_289' title='bbox 1600 4480 2143 4550; x_wconf 56' lang='lat' dir='ltr'><strong>waterford,funder</strong></span> <span class='ocrx_word' id='word_1_290' title='bbox 2167 4481 2261 4535; x_wconf 86' lang='lat' dir='ltr'><strong>the</strong></span> <span class='ocrx_word' id='word_1_291' title='bbox 2287 4478 2573 4534; x_wconf 82' lang='lat' dir='ltr'><strong>command</strong></span> <span class='ocrx_word' id='word_1_292' title='bbox 2597 4478 2662 4531; x_wconf 84' lang='lat' dir='ltr'><strong>of</strong></span> <span class='ocrx_word' id='word_1_293' title='bbox 2682 4478 2773 4533; x_wconf 81' lang='lat' dir='ltr'><strong>Sir</strong></span> 
     </span>
     <span class='ocr_line' id='line_1_33' title="bbox 389 4550 2775 4624; baseline -0.002 -17"><span class='ocrx_word' id='word_1_294' title='bbox 389 4554 643 4609; x_wconf 85' lang='lat' dir='ltr'><strong>Richard</strong></span> <span class='ocrx_word' id='word_1_295' title='bbox 665 4556 770 4611; x_wconf 88' lang='lat' dir='ltr'><strong>Bin</strong></span> <span class='ocrx_word' id='word_1_296' title='bbox 811 4556 936 4609; x_wconf 86' lang='lat' dir='ltr'><strong>ham</strong></span> <span class='ocrx_word' id='word_1_297' title='bbox 959 4553 1068 4608; x_wconf 88' lang='lat' dir='ltr'><strong>and</strong></span> <span class='ocrx_word' id='word_1_298' title='bbox 1095 4552 1189 4607; x_wconf 86' lang='lat' dir='ltr'><strong>Sir</strong></span> <span class='ocrx_word' id='word_1_299' title='bbox 1213 4552 1428 4608; x_wconf 84' lang='lat' dir='ltr'><strong>Samuel</strong></span> <span class='ocrx_word' id='word_1_300' title='bbox 1506 4553 1708 4624; x_wconf 72' lang='lat' dir='ltr'><strong>agrian,</strong></span> <span class='ocrx_word' id='word_1_301' title='bbox 1733 4570 1877 4606; x_wconf 80' lang='lat' dir='ltr'><strong>were</strong></span> <span class='ocrx_word' id='word_1_302' title='bbox 1899 4552 2158 4608; x_wconf 84' lang='lat' dir='ltr'><strong>harassed</strong></span> <span class='ocrx_word' id='word_1_303' title='bbox 2182 4552 2291 4605; x_wconf 83' lang='lat' dir='ltr'><strong>and</strong></span> <span class='ocrx_word' id='word_1_304' title='bbox 2322 4550 2563 4605; x_wconf 89' lang='lat' dir='ltr'><strong>reduced</strong></span> <span class='ocrx_word' id='word_1_305' title='bbox 2588 4568 2658 4603; x_wconf 89' lang='lat' dir='ltr'><strong>on</strong></span> <span class='ocrx_word' id='word_1_306' title='bbox 2682 4550 2775 4604; x_wconf 87' lang='lat' dir='ltr'><strong>the</strong></span> 
     </span>
     <span class='ocr_line' id='line_1_34' title="bbox 387 4621 2785 4696; baseline -0.001 -18"><span class='ocrx_word' id='word_1_307' title='bbox 387 4626 577 4679; x_wconf 86' lang='lat' dir='ltr'><strong>march</strong></span> <span class='ocrx_word' id='word_1_308' title='bbox 603 4634 663 4680; x_wconf 84' lang='lat' dir='ltr'><strong>to</strong></span> <span class='ocrx_word' id='word_1_309' title='bbox 689 4626 784 4681; x_wconf 88' lang='lat' dir='ltr'><strong>Du</strong></span> <span class='ocrx_word' id='word_1_310' title='bbox 819 4627 914 4681; x_wconf 87' lang='lat' dir='ltr'><strong>lin.</strong></span> <span class='ocrx_word' id='word_1_311' title='bbox 987 4624 1123 4692; x_wconf 83' lang='lat' dir='ltr'><strong>Oox,</strong></span> <span class='ocrx_word' id='word_1_312' title='bbox 1145 4642 1200 4696; x_wconf 89' lang='lat' dir='ltr'><strong>p.</strong></span> <span class='ocrx_word' id='word_1_313' title='bbox 1227 4626 1355 4694; x_wconf 80' lang='lat'><strong>415,</strong></span> <span class='ocrx_word' id='word_1_314' title='bbox 1379 4628 1530 4695; x_wconf 82' lang='lat' dir='ltr'><strong>gives</strong></span> <span class='ocrx_word' id='word_1_315' title='bbox 1554 4641 1588 4678; x_wconf 82' lang='lat' dir='ltr'><strong>a</strong></span> <span class='ocrx_word' id='word_1_316' title='bbox 1613 4624 1868 4677; x_wconf 80' lang='lat' dir='ltr'><strong>different</strong></span> <span class='ocrx_word' id='word_1_317' title='bbox 1890 4630 2123 4678; x_wconf 82' lang='lat' dir='ltr'><strong>account</strong></span> <span class='ocrx_word' id='word_1_318' title='bbox 2146 4622 2214 4676; x_wconf 81' lang='lat' dir='ltr'><strong>of</strong></span> <span class='ocrx_word' id='word_1_319' title='bbox 2241 4622 2349 4677; x_wconf 81' lang='lat' dir='ltr'><strong>this</strong></span> <span class='ocrx_word' id='word_1_320' title='bbox 2383 4621 2692 4693; x_wconf 82' lang='lat' dir='ltr'><strong>expedition</strong></span> <span class='ocrx_word' id='word_1_321' title='bbox 2718 4621 2785 4676; x_wconf 81' lang='lat' dir='ltr'><strong>of</strong></span> 
     </span>
    </p>

    <p class='ocr_par' dir='ltr' id='par_1_8' title="bbox 393 4697 2777 4910">
     <span class='ocr_line' id='line_1_35' title="bbox 465 4697 2777 4850; baseline -0.001 -29"><span class='ocrx_word' id='word_1_322' title='bbox 465 4769 488 4795; x_wconf 75' lang='grc'><strong>*</strong></span> <span class='ocrx_word' id='word_1_323' title='bbox 525 4697 691 4850; x_wconf 51' lang='grc' dir='ltr'><strong>ξῖιιέιο,</strong></span> <span class='ocrx_word' id='word_1_324' title='bbox 725 4766 1106 4823; x_wconf 80' lang='lat' dir='ltr'><strong>1598.-Four</strong></span> <span class='ocrx_word' id='word_1_325' title='bbox 1131 4766 1389 4831; x_wconf 81' lang='lat' dir='ltr'><strong>Masters,</strong></span> <span class='ocrx_word' id='word_1_326' title='bbox 1413 4785 1468 4837; x_wconf 88' lang='lat' dir='ltr'><strong>p.</strong></span> <span class='ocrx_word' id='word_1_327' title='bbox 1497 4764 1658 4830; x_wconf 78' lang='lat'><strong>20⁵7,</strong></span> <span class='ocrx_word' id='word_1_328' title='bbox 1679 4764 1979 4833; x_wconf 84' lang='lat' dir='ltr'><strong>Lombard,</strong></span> <span class='ocrx_word' id='word_1_329' title='bbox 2006 4784 2058 4836; x_wconf 89' lang='lat' dir='ltr'><strong>p.</strong></span> <span class='ocrx_word' id='word_1_330' title='bbox 2082 4767 2208 4829; x_wconf 79' lang='lat'><strong>403,</strong></span> <span class='ocrx_word' id='word_1_331' title='bbox 2234 4765 2353 4820; x_wconf 78' lang='lat' dir='ltr'><strong>who</strong></span> <span class='ocrx_word' id='word_1_332' title='bbox 2378 4764 2453 4819; x_wconf 89' lang='lat' dir='ltr'><strong>all</strong></span> <span class='ocrx_word' id='word_1_333' title='bbox 2495 4781 2660 4837; x_wconf 85' lang='lat' dir='ltr'><strong>agree</strong></span> <span class='ocrx_word' id='word_1_334' title='bbox 2685 4780 2777 4818; x_wconf 83' lang='lat' dir='ltr'><strong>ex·</strong></span> 
     </span>
     <span class='ocr_line' id='line_1_36' title="bbox 393 4838 2773 4910; baseline 0.003 -20"><span class='ocrx_word' id='word_1_335' title='bbox 393 4846 520 4908; x_wconf 84' lang='lat' dir='ltr'><strong>cept</strong></span> <span class='ocrx_word' id='word_1_336' title='bbox 543 4856 600 4891; x_wconf 79' lang='lat' dir='ltr'><strong>in</strong></span> <span class='ocrx_word' id='word_1_337' title='bbox 623 4840 792 4910; x_wconf 83' lang='lat' dir='ltr'><strong>slight</strong></span> <span class='ocrx_word' id='word_1_338' title='bbox 817 4838 1030 4893; x_wconf 84' lang='lat' dir='ltr'><strong>details.</strong></span> <span class='ocrx_word' id='word_1_339' title='bbox 2766 4874 2773 4881; x_wconf 86' lang='lat'><strong>·</strong></span> 
     </span>
    </p>
   </div>
  </div>
 </body>
</html>
