3634 5842
928 680 1057 745 200
1321 672 1738 741 o’sunmvuu
1783 690 2097 737 urs-rom
2142 688 2529 747 cunonem,
2570 684 2723 733 rou.
2768 684 2871 731 111.
3058 662 3219 747 [ms.
3246 680 3309 725 v.

923 858 990 919 et
1015 849 1501 917 Connachtorum
1531 868 1682 935 quos
1711 846 2020 925 conduxit,
2050 866 2313 911 asserens
2382 842 2742 928 rincipatum
2790 842 2853 903 et
2878 856 3100 902 nomen
3127 833 3312 921 partis

929 938 1008 1006 ad
1035 960 1098 1003 se
1140 938 1275 1024 jure
1321 937 1636 1022 pertinere.
1722 933 1897 1000 Datis
1946 932 2226 1017 utrinque
2254 954 2291 995 v
2372 929 2503 996 'bus
2530 926 2727 994 standi
2760 921 2988 1011 judicio
3016 928 3311 987 rectorum

929 1023 1286 1091 arbitrorum
1314 1046 1351 1089 a
1419 1022 1585 1109 ugna
1610 1020 1916 1086 recedunt.
2005 1018 2125 1085 Sed
2152 1016 2367 1084 Daniel
2398 1017 2501 1103 qui
2548 1016 2615 1081 in
2642 1012 2981 1100 principatu
3006 1010 3245 1089 restitit,
3276 1032 3313 1075 a

929 1110 1180 1178 Daniele
1208 1109 1286 1175 O’
1291 1110 1334 1175 S
1422 1131 1608 1174 evano
1659 1106 1875 1194 Magni
1922 1106 2103 1172 fratre
2146 1104 2291 1171 Mac
2332 1103 2559 1170 Cartha
2600 1102 3010 1251 inauguratur.
3096 1096 3251 1161 Mox
3274 1118 3314 1161 a

929 1196 1180 1265 Daniele
1211 1197 1314 1282 qui
1333 1197 1458 1282 jam
1485 1194 1857 1261 Clancarrhae
1884 1192 2075 1281 princi
2118 1198 2221 1258 atu
2248 1189 2587 1277 potiebatur
2615 1194 2677 1253 et
2690 1211 2729 1254 a
2798 1185 2953 1253 aimo
2974 1182 3315 1250 Desmoniae

931 1286 1146 1351 comite
1175 1283 1386 1350 armati
1411 1283 1753 1362 mittuntur,
1767 1288 1855 1346 .ut
1900 1280 2045 1347 alios
2074 1214 2439 1345 fflomonios
2485 1275 2589 1362 qui
2639 1274 2715 1341 ab
2744 1271 2961 1358 Anglis
3001 1292 3128 1335 non
3154 1268 3313 1335 defe-

929 1377 1160 1451 cerunt,
1187 1370 1265 1436 ad
1292 1369 1686 1435 defectionem
1730 1375 1952 1455 cogant
1998 1373 2060 1433 et
2104 1364 2447 1432 tributarios
2490 1362 2585 1428 vel
2632 1358 3046 1462 stipendiarios
3072 1358 3313 1423 faciant.

931 1459 1011 1523 In
1041 1457 1183 1524 Mac
1209 1456 1494 1522 Carrham
1522 1454 1785 1522 Fuscum
1838 1462 1899 1520 et
1943 1451 2218 1520 Carbrios
2262 1451 2428 1517 missi
2474 1455 2739 1516 terrestn
2780 1445 2985 1532 praelio
3015 1440 3310 1545 prospere,

929 1545 1036 1611 sed
1065 1565 1203 1610 cum
1231 1540 1683 1609 O'Driscolibus
1711 1541 1907 1608 navali
1934 1538 2175 1606 adverse
2204 1540 2506 1605 dimicant.
2578 1534 2719 1601 Alia
2745 1534 2907 1600 varia
2933 1530 3135 1618 praelia
3158 1536 3314 1597 mter

927 1632 1090 1719 ipsos
1121 1630 1462 1697 Momonios
1489 1631 1684 1715 regios
1711 1636 1773 1694 et
1801 1651 1904 1695 eos
1932 1627 2037 1714 qui
2064 1651 2101 1694 a
2147 1627 2353 1713 regina
2401 1624 2794 1701 desciverunt,
2824 1642 2946 1685 non
2976 1618 3105 1685 sine
3130 1618 3315 1705 partis

931 1719 1244 1804 utriusque
1293 1717 1456 1783 coede
1505 1716 1982 1783 committuntur.
2070 1712 2170 1779 Ab
2222 1711 2557 1798 Anglorum
2607 1711 2795 1776 ductu
2823 1714 2887 1772 et
2910 1706 3161 1793 imperio
3186 1728 3315 1771 sese

931 1805 1278 1872 subducunt
1320 1805 1432 1869 alii
1469 1804 1680 1883 coacti,
1730 1802 1833 1869 alii
1881 1808 2115 1888 sponte,
2166 1800 2269 1865 alii
2316 1806 2529 1865 neutro
2579 1796 2797 1863 modoz
2842 1794 2943 1867 alii
2994 1791 3315 1859 victoribus

711 1906 890 1975 [159]
931 1891 1406 1979 obtemperantes
1431 1891 1672 1977 utrique
1703 1890 1858 1975 parti
1886 1890 2101 1977 stipem
2130 1886 2439 1953 solvunt-⁴⁶
2464 1888 2493 1969 ΙΙ

1677 2158 1941 2166 *κῃ-

1940 2359 2121 2427 CAP.
2166 2358 2282 2425 IV.

1399 2574 1622 2631 Thomoe
1648 2574 1897 2630 Nori-isis
1922 2576 1977 2630 in
2004 2574 2321 2630 catholicos
2344 2574 2617 2647 expeditio
2640 2575 2835 2649 prima.

925 2782 1041 2853 Ira
1069 2780 1362 2850 Catholici
1391 2778 1688 2845 Momouii
1717 2778 1863 2843 dum
1893 2776 1994 2843 alii
2044 2776 2193 2843 alios
2234 2776 2592 2864 impugnant
2636 2783 2698 2843 et
2724 2775 3069 2857 conficiunt,
3098 2800 3137 2843 o
3178 2800 3311 2866 por·

924 2882 1132 2939 tunam
1198 2866 1568 2935 occasionem
1623 2872 1839 2932 nactus
1894 2864 2156 2930 Thomas
2210 2862 2425 2931 Norris
2482 2864 2929 2931 Momoniarum
2998 2887 3123 2951 pree
3148 2874 3313 2932 ectus

925 2957 1239 3026 Corcachae
1294 2953 1449 3020 vires
1506 2974 1644 3019 suas
1702 2951 1951 3038 colligit.
2066 2951 2527 3017 Provincialium
2596 2951 2954 3019 Iberuorum
3016 2952 3313 3019 delectum

925 3046 1229 3123 instituit3
1272 3047 1582 3107 veteranos
1631 3045 1693 3104 et
1741 3060 1933 3125 nuper
1990 3060 2065 3103 ex
2118 3037 2343 3124 Anglia
2397 3039 2609 3104 missos
2666 3038 3017 3125 conjungit:
3084 3040 3313 3141 aliquot

923 3128 1270 3196 Momonios
1298 3127 1595 3213 principes
1621 3148 1746 3190 suae
1773 3124 2048 3191 factionis
2076 3131 2383 3206 convocat,
2406 3125 2513 3211 qui
2540 3146 2746 3191 omnes
2774 3125 3031 3191 duorum
3058 3126 3313 3193 millium

925 3223 991 3283 et
1019 3214 1478 3315 quingentorum
1527 3234 1847 3277 numerum
1874 3210 2133 3297 explent.
2222 3210 2343 3277 His
2370 3212 2559 3298 copiis
2586 3212 2653 3278 in
2680 3213 2917 3299 agmina
2942 3214 3061 3278 tria
3088 3213 3314 3295 divisis,

921 3310 998 3368 ut
1018 3324 1091 3369 ex
1111 3297 1596 3387 Kilmuchalloga
1609 3299 1833 3387 oppido
1853 3304 2161 3363 veteranos
2178 3297 2573 3384 praesidiarios
2594 3298 2867 3379 deducat,
2894 3305 2959 3366 et
2974 3298 3061 3365 ibi
3076 3308 3315 3388 tyrones

925 3390 1252 3457 constituat
1311 3386 1677 3452 roficiscitur.
1697 3386 1772 3452 Id
1788 3384 2129 3471 intelligens
2147 3384 2483 3451 Gulielmus
2496 3385 2762 3466 Burkus‚
2782 3386 2968 3473 quiin
2984 3385 3315 3455 Ochellano

925 3500 1069 3565 agro
1089 3482 1214 3543 erat
1231 3408 1310 3541 ad
1321 3473 1742 3573 viam-nomine
1757 3471 2089 3538 Abharram
2112 3472 2391 3557 (Bealach
2409 3471 2705 3554 Abharra)
2724 3494 2861 3539 cnm
2878 3472 3181 3573 peditibus
3196 3483 3314 3542 tre-

925 3566 1116 3631 centis
1144 3584 1360 3650 agmen
1387 3560 1668 3625 ultunum
1703 3559 1833 3648 (qui
1862 3566 2030 3624 crant
2056 3565 2295 3647 tyrones
2322 3566 2423 3626 An
2465 3561 2509 3626 li
2554 3561 2709 3647 sagis
2736 3559 2931 3626 rubris
2958 3561 3183 3647 induti)
3218 3563 3313 3629 die

923 3651 1169 3719 Saturni
1196 3649 1516 3737 improviso
1546 3647 1789 3714 adortus
1834 3645 2055 3726 fundit,
2101 3652 2163 3712 et
2206 3646 2274 3712 in
2320 3668 2417 3713 me
2464 3648 2586 3713 ‘um
2628 3670 2845 3734 agmen
2886 3648 3078 3735 fugat,
3106 3651 3314 3716 multis

925 3740 1153 3818 occisiS,
1183 3734 1622 3823 impedimentis
1649 3736 1859 3823 captis,
1888 3740 1950 3799 et
1997 3734 2155 3800 inter
2198 3733 2303 3800 illa
2338 3734 2622 3801 caniculis
2649 3734 2876 3801 festivis
2904 3742 2967 3801 et
2994 3738 3313 3803 venatoriis

927 3849 1078 3913 quos
1104 3827 1170 3890 in
1217 3824 1442 3890 deliciis
1485 3822 1702 3889 Norris
1750 3820 2030 3888 habebat.
2126 3820 2353 3887 Tamen
2402 3820 2618 3887 Non-is
2664 3822 3209 3913 Kilmuchallogam
3250 3846 3314 3889 se

921 3912 1200 3991 contulit,
1229 3911 1392 3976 unde
1441 3910 1712 3997 proximo
1763 3908 1860 3975 die
1904 3908 2097 3975 Lunae
2145 3908 2491 3975 redeuntem
2534 3909 2610 3974 ad
2636 3909 2964 3975 'ramulum
2992 3910 3312 3977 Scutorum

931 4001 1085 4085 (Ard
1116 3997 1341 4081 Scieth)
1376 4006 1772 4082 assequuntur
1799 3995 2141 4061 Desmonioe
2170 4017 2385 4077 comes,
2414 3994 2761 4062 Vicecomes
2790 3994 3021 4063 Montis
3050 3997 3309 4079 Gerarti,

923 4088 1082 4153 Baro
1139 4084 1430 4163 Catharae,
1486 4082 1645 4149 Baro
1701 4081 2043 4163 Luachmoe,
2104 4080 2439 4149 Gulielmus
2509 4082 2774 4164 Burkus,
2844 4089 2909 4148 et
2978 4084 3311 4151 Richardus

921 4174 1176 4241 'l'irellus
1201 4192 1453 4237 numero
1501 4166 1625 4234 fere
1671 4192 1863 4257 pares,
1912 4175 2221 4256 totamque
2270 4168 2429 4235 diem
2476 4190 2585 4257 per
2628 4178 2766 4237 octo
2814 4170 3001 4237 millia
3026 4194 3311 4259 passuum

994 4403 1020 4433 ‘
1060 4402 1182 4458 Our
1205 4400 1466 4471 ordinary
1503 4396 1830 4453 authorities
1871 4397 2063 4471 supply
2106 4416 2177 4455 uo
2214 4416 2400 4455 means
2442 4398 2508 4457 of
2533 4398 2737 4472 testing
2776 4398 2871 4454 the
2905 4398 3045 4455 facts
3068 4402 3228 4474 given
3250 4400 3307 4455 in

923 4474 1035 4529 this
1081 4472 1190 4527 and
1237 4472 1330 4527 the
1375 4478 1489 4525 two
1537 4469 1817 4541 following
1864 4468 2135 4541 chapters.
2210 4472 2278 4527 In
2320 4471 2415 4525 the
2462 4470 2757 4543 beginning
2802 4470 2871 4525 of
2897 4488 2924 4525 s
2960 4471 3103 4545 ring,
3155 4476 3306 4539 1599,

927 4544 1056 4600 O’N
1058 4544 1146 4611 eil,
1169 4549 1228 4599 at
1245 4542 1342 4598 the
1366 4548 1588 4614 request
1613 4540 1680 4595 of
1705 4539 1800 4595 the
1827 4539 2081 4595 Munster
2108 4540 2273 4609 Irish,
2318 4549 2438 4596 sant
2476 4544 2638 4605 3,000
2680 4558 2823 4604 men,
2848 4560 2923 4595 un
2963 4560 3024 4597 er
3048 4542 3142 4597 the
3166 4560 3308 4597 com-

923 4615 1089 4669 mand
1112 4614 1178 4669 οῖ
1205 4614 1290 4669 his
1313 4631 1433 4678 son,
1459 4612 1599 4675 Oon,
1637 4620 1698 4666 to
1739 4612 1969 4666 confirm
2008 4612 2103 4667 the
2136 4613 2284 4683 good
2324 4612 2478 4667 work
2514 4612 2693 4667 which
2722 4610 2991 4667 O’Moore
3014 4612 3122 4668 had
3160 4632 3308 4668 com-

921 4686 1166 4740 menced.
1241 4684 1361 4739 Oon
1387 4684 1664 4739 remained
1687 4683 1744 4736 in
1769 4681 2024 4739 Munster
2047 4682 2235 4756 nearly
2259 4683 2353 4738 the
2377 4682 2551 4739 whole
2586 4682 3026 4755 spring-..Four
3052 4684 3303 4753 masters,

921 4775 979 4828 p.
1005 4758 1146 4811 2095
1167 4776 1188 4824 ς
1227 4755 1525 4822 Lombard,
1549 4771 1601 4825 p.
1627 4755 1753 4809 ⁴08.
2812 4776 2823 4786 ·
