3634 5842
887 687 964 747 16
1309 683 1724 748 o'sunnnvam
1771 701 2085 747 msronnn
2129 701 2518 762 cunonem,
2561 703 2692 748 'rou
2737 704 2783 746 1.
2928 694 2940 705 ·
3026 682 3184 766 [ΜΒ.
3233 705 3279 747 1.

1894 942 2074 1008 CAP.
2121 941 2239 1007 IX.

1145 1111 1212 1164 In
1235 1108 1434 1164 horum
1457 1127 1578 1182 quae
1601 1107 1837 1162 diximus
1860 1108 2227 1180 patrocinium
2250 1106 2459 1178 aliquot
2482 1108 2743 1162 authores
2766 1107 3025 1163 citantur.

885 1261 1138 1328 Pmnns
1167 1261 1425 1329 Iberniae
1451 1261 1658 1328 laudes
1688 1267 1750 1328 et
1793 1284 1889 1326 res
1932 1259 2321 1327 admiratione
2351 1259 2563 1345 dignas
2606 1260 2927 1346 superioris
2956 1263 3069 1327 sevi
3096 1263 3279 1350 scrip-

885 1357 1046 1414 tores
1071 1351 1138 1415 in
1166 1355 1555 1415 monumenta
1573 1348 1927 1414 retulerunt.
2019 1347 2145 1418 Qui
2174 1347 2443 1433 quamvis
2472 1345 2595 1411 suis
2624 1347 2993 1434 temporibus
3022 1347 3280 1437 benigne

887 1439 1010 1502 sint
1031 1437 1279 1523 excepti,
1298 1438 1472 1502 nobis
1493 1443 1696 1502 tamen
1712 1437 1915 1501 forsan
1931 1433 2210 1501 nonnulli
2226 1434 2470 1500 minime
2490 1433 2670 1499 fidem
2692 1434 3011 1500 habuerint
3038 1445 3280 1524 propter

888 1525 1186 1588 diversum
1233 1546 1536 1589 rumorem
1566 1523 1640 1589 ab
1685 1523 1917 1589 aemulis
1961 1521 2228 1587 veritatis
2256 1521 2375 1586 late
2405 1519 2777 1606 dissipatum.
2869 1521 3111 1609 Quippe
3156 1531 3281 1590 tam

885 1611 1100 1676 misera
1144 1609 1486 1677 conditione
1535 1616 1628 1676 est
1673 1617 1817 1675 oetas
1867 1614 2091 1689 nostra,
2144 1615 2215 1674 ut
2262 1606 2633 1696 impudentia
2677 1607 2967 1694 pudorem
3016 1611 3277 1690 invadat,

885 1697 1263 1764 mendacium
1308 1699 1375 1763 in
1419 1720 1645 1765 sacram
1682 1696 1949 1762 veritatis
1995 1718 2190 1761 arcem
2217 1695 2528 1780 irrumpat,
2557 1693 2821 1774 audacia,
2852 1703 2915 1760 et
2950 1697 3283 1782 petulantia

885 1784 1042 1867 nihil
1069 1791 1360 1864 sanctum,
1389 1785 1544 1851 nihil
1568 1783 1923 1849 inviolatum
1942 1781 2257 1867 relinquat.
2320 1781 2556 1847 Idcirco
2598 1803 2675 1846 ne
2694 1781 2791 1847 vel
2828 1805 3025 1848 amore
3052 1785 3278 1870 patriae,

887 1870 986 1937 vel
1013 1871 1126 1936 alia
1145 1873 1376 1958 privata
1394 1872 1492 1937 vel
1510 1870 1750 1958 publica
1771 1893 1951 1938 causa
1966 1870 2043 1936 ad
2060 1868 2469 1935 mentiendum
2491 1867 2734 1933 deducti
2753 1869 2937 1934 fuisse
2957 1869 3279 1949 videamur,

889 1957 1054 2023 haud
1082 1981 1583 2044 supervacaneum
1603 1957 1876 2037 arbitror,
1898 1963 1971 2021 ut
1986 1963 2254 2022 nostram
2293 1955 2648 2021 sententiam
2676 1960 2942 2020 veterum
2972 1967 3281 2023 auctorum

891 2045 1248 2110 testimoniis
1287 2047 1722 2110 confirmemus.
1804 2043 2179 2110 Venerabilis
2218 2043 2404 2122 Beda,
2426 2042 2517 2108 vir
2546 2041 2811 2108 sincerus
2851 2043 2937 2108 ita
2980 2043 3285 2110 Iberniam

728 2149 869 2223 [13.]
895 2130 1174 2196 describit
1188 2133 1256 2197 in
1272 2132 1566 2218 principio
1587 2130 2021 2197 Ecclesiasticae
2039 2129 2383 2212 Historiae.ss
2423 2128 2585 2194 “Est
2606 2135 2807 2194 autem
2828 2129 3071 2196 Ibernia
3085 2131 3282 2197 insula

891 2217 1160 2283 omnium
1208 2225 1346 2304 post
1395 2219 1768 2284 Britanniam
1816 2220 2092 2298 maxima,
2136 2217 2213 2282 ad
2263 2216 2630 2282 occidentem
2672 2217 2913 2302 quidem
2956 2217 3283 2284 Britanniae

889 2305 1023 2383 sita,
1073 2303 1178 2370 sed
1223 2306 1380 2371 sicut
1424 2312 1632 2371 contra
1675 2305 2039 2390 Aquilonem
2068 2327 2138 2370 ea
2176 2303 2431 2384 brevior,
2460 2304 2546 2368 ita
2572 2304 2639 2368 in
2678 2303 2986 2370 meridiem
3028 2328 3091 2370 se
3118 2313 3283 2371 trans

886 2391 1051 2456 illius
1072 2392 1220 2457 fines
1241 2390 1570 2478 plurimum
1585 2391 1971 2479 protendens,
1990 2413 2180 2476 usque
2201 2397 2407 2457 contra
2443 2389 2755 2475 Hispaniae
2780 2393 3280 2492 septentrionalia,

887 2479 1163 2564 quamvis
1190 2501 1408 2565 magno
1448 2502 1690 2567 oequore
1735 2469 2139 2566 interjacente,
2170 2475 2503 2564 pervenit.”
2590 2477 2676 2542 Et
2702 2477 2949 2544 inferius
2979 2485 3021 2515 “
3040 2479 3286 2546 Ibernia

892 2572 1112 2644 autem,
1133 2572 1194 2631 et
1220 2565 1538 2633 latitudine
1567 2567 1662 2631 sui
1689 2572 1883 2630 status
1910 2573 1973 2631 et
2000 2564 2345 2631 salubritate
2366 2587 2435 2630 ac
2464 2564 2778 2629 serenitate
2800 2588 2985 2631 aarum
3022 2567 3283 2632 multum

892 2652 1222 2719 Britanniae
1249 2659 1515 2739 proestat,
1535 2653 1620 2718 ita
1647 2657 1720 2718 ut
1733 2675 1867 2718 raro
1883 2652 1969 2719 ibi
1985 2654 2089 2718 nix
2110 2653 2425 2739 plusquam
2446 2650 2725 2716 triduana
2742 2659 3075 2718 remaneat:
3108 2675 3283 2718 nemo

889 2747 1134 2893 {¹333
1153 2740 1941 2894 ἒὲὲἳῖθῗίιέἲῖᾱὲῗῗὲοῗὲἓῗ
1970 2747 2196 2892 Ἓξ
2204 2745 2363 2912 2232
2376 2737 2611 2890 81ῗέῑῖἒὲ
2617 2737 2930 2892 Βῗῖῗέἷῗὲἶα
2948 2740 3278 2892 {33³3ss

888 2921 1099 3000 pentes
1128 2937 1269 2980 mox
1290 2851 1368 2980 ul,
1379 2916 1750 3001 proximante
1778 2916 1951 2981 terris
1988 2915 2227 3000 navigio
2249 2913 2429 2978 odore
2450 2912 2599 2977 aeris
2617 2911 2777 2977 illius
2798 2912 3021 2980 adtacti
3038 2914 3280 2993 fuerint,

889 3001 1203 3068 intereant.
1293 3000 1459 3072 Quin
1525 3004 1682 3066 otius
1710 3002 1913 3067 omnia
1939 3023 2131 3087 poene,
2164 3022 2297 3085 quoe
2320 2999 2395 3064 de
2423 2998 2629 3064 eadem
2656 2999 2853 3064 insula
2882 3009 3044 3080 sunt,
3076 3007 3284 3068 contra

887 3109 1187 3153 venenum
1214 3087 1434 3152 valent.
1542 3090 1758 3173 enique
1785 3089 2044 3153 vidimus
2082 3086 2439 3172 quibusdam
2467 3109 2505 3150 a
2532 3092 2803 3171 serpente
2832 3089 3123 3172 percussis
3152 3111 3282 3154 rasa

886 3173 1031 3238 folia
1059 3173 1352 3252 codicum,
1384 3175 1486 3260 qui
1516 3174 1589 3238 de
1611 3173 1854 3240 Ibernia
1872 3173 2133 3252 fuerunt,
2158 3179 2221 3238 et
2244 3173 2435 3259 ipsam
2462 3194 2729 3238 rasuram
2748 3196 2920 3258 aquae
2937 3173 3277 3254 immissam,

888 3281 958 3324 ac
1003 3261 1177 3345 potui
1223 3259 1422 3326 datam
1468 3259 1688 3326 talibus
1730 3261 2004 3346 protinus
2052 3265 2244 3325 totam
2284 3261 2407 3324 vim
2452 3261 2667 3324 veneni
2708 3262 3051 3346 grassantis,
3080 3267 3281 3327 totum

884 3345 1078 3412 inflati
1105 3348 1368 3433 corporis
1397 3346 1812 3432 absumpsisse,
1843 3371 1911 3412 ac
1932 3347 2166 3412 sedasse
2184 3352 2495 3412 tumorem.
2588 3345 2773 3412 Dives
2792 3348 2964 3414 lactis
2992 3371 3059 3414 ac
3088 3349 3279 3414 mellis

886 3433 1082 3500 insula
1109 3456 1220 3498 nec
1250 3434 1556 3499 vinearum
1585 3453 1829 3519 experS,
1878 3434 2154 3520 piscium,
2185 3433 2633 3519 volucriumque
2678 3433 2784 3498 sed
2825 3442 2887 3500 et
2914 3442 3135 3501 venatu
3162 3457 3283 3500 cer-

885 3543 1096 3585 vorum
1143 3520 1418 3604 insignis·
1507 3519 1664 3584 Hoec
1712 3527 1915 3585 autem
1960 3521 2197 3606 propria
2240 3521 2433 3607 patria
2476 3519 2789 3585 Scotorum
2832 3528 2943 3586 est.
3030 3522 3129 3589 Ab
3172 3523 3283 3588 hac

885 3609 1104 3758 eggessi
1135 3616 1204 3671 ut
1233 3607 1511 3724 diximus,
1555 3607 1790 3672 tertiam
1840 3608 1906 3672 in
1955 3607 2269 3672 Britannia
2319 3605 2673 3672 Britonibus
2700 3616 2763 3673 et
2810 3609 2999 3674 Pictis
3043 3615 3285 3696 gentem

883 3696 956 3762 ad
1001 3694 1281 3759 iderunt?

965 3781 1116 3847 Haec
1171 3779 1292 3862 ille,
1352 3783 1453 3847 cui
1509 3781 1865 3867 suffragatur
1924 3779 2219 3867 Sylvester
2278 3779 2575 3866 Gyraldus
2632 3779 3008 3847 Cambrensis
3064 3783 3153 3848 ita
3209 3781 3283 3849 de

885 3865 1130 3934 Ibernia
1158 3867 1397 3934 locutus
1429 3875 1473 3906 ‘⁶‘
1494 3868 1671 3954 gleba
1696 3868 2033 3956 praepingui
2054 3866 2343 3953 uberique
2362 3867 2604 3953 frugum
2631 3876 2926 3954 proventu
2950 3868 3115 3934 foelix
3132 3875 3288 3935 terra

881 3961 991 4033 est,
1023 3962 1084 4019 et
1127 3955 1443 4021 foecunda:
1487 3955 1762 4042 frugibus
1811 3977 1969 4035 arva,
2022 3977 2235 4042 pecore
2284 3961 2538 4034 monteS„
2568 3977 2877 4021 nemorosa
2926 3956 3067 4022 feris
3096 3955 3282 4022 abun·

881 4039 1090 4107 dant.'’
1178 4041 1263 4106 Et
1308 4040 1450 4107 alibi
1501 4048 1544 4079 ‘⁶‘
1560 4049 1718 4108 terra
1766 4049 2059 4108 terrarum
2108 4043 2237 4108 haec
2284 4042 2552 4107 omnium
2582 4043 3113 4130 temperatissima3
3158 4066 3284 4108 non

881 4126 1096 4194 Cancri
1125 4127 1284 4194 calor
1311 4136 1643 4194 exaestuans
1690 4129 1994 4215 compellit
2038 4129 2114 4195 ad
2160 4127 2439 4210 umbra-⁵3
2482 4152 2607 4194 non
2646 4129 2720 4195 ad
2749 4131 2915 4196 focos
2936 4129 3285 4216 Capricorni

879 4216 1043 4300 rigor
1071 4221 1352 4302 urgenter
1379 4217 1610 4281 invitat.
1699 4214 1891 4281 Nives
1942 4216 2041 4280 hic
2068 4239 2201 4281 raro
2230 4221 2293 4280 et
2321 4220 2471 4281 tunc
2500 4214 2733 4282 modico
2762 4227 3029 4304 tempore
3074 4217 3284 4282 durare

878 4301 1127 4368 videbis.
1217 4303 1314 4368 Ex
1351 4303 1517 4368 omni
1559 4309 1760 4368 tamen
1809 4309 1990 4367 vento
2028 4324 2154 4368 non
2196 4303 2395 4367 minus
2440 4302 2747 4383 subsolari,
2795 4302 3179 4392 Favonioque
3223 4309 3287 4368 et

879 4389 1166 4476 Zephyro,
1219 4411 1396 4475 quam
1447 4389 1643 4456 Circio
1722 4395 1784 4455 et
1863 4389 2099 4454 Boreali
2147 4389 2503 4475 quandoque
2560 4388 2920 4456 brumescit:
2988 4413 3063 4456 ex
3120 4390 3286 4456 omni

879 4476 1118 4560 quidem
1169 4477 1402 4543 modice
1448 4483 1510 4542 et
1556 4501 1629 4544 ex
1675 4475 1844 4543 nullo
1872 4476 2295 4557 immoderate;
2342 4477 2499 4542 sicut
2544 4477 2759 4543 oestivo
2806 4478 2891 4542 sic
2942 4483 3005 4543 et
3029 4477 3287 4563 hyemali

877 4570 1144 4647 tempore
1193 4563 1446 4630 herbosa
1489 4565 1789 4630 virescunt
1834 4585 2073 4649 pascua.
2162 4562 2343 4628 Unde
2383 4585 2497 4628 nec
2541 4562 2616 4628 ad
2644 4563 2864 4650 pabula
2890 4564 3048 4629 foena
3076 4563 3280 4643 secari,

876 4671 988 4714 nec
1040 4651 1319 4716 armentis
1365 4673 1632 4738 unquam
1682 4650 1920 4718 stabula
1966 4651 2162 4737 parari
2210 4650 2423 4716 solent.
2514 4651 2689 4715 Aeris
2740 4652 3099 4730 amoenitate,
3129 4659 3280 4716 tem-

876 4735 1154 4823 perieque
1181 4742 1449 4826 tempora
1468 4740 1590 4805 fere
1620 4745 1838 4806 cuncta
1884 4744 2219 4824 tepescunt.
2308 4736 2482 4802 Aeris
2512 4758 2749 4824 quoque
2770 4738 3081 4805 clementia
3108 4741 3280 4804 tanta
