3634 5842
351 1655 682 1732 DOMINI
764 1653 1175 1732 PHILIPPI
1257 1649 1873 1746 O'SULLEVANI,
1960 1649 2300 1729 BEARRI
2391 1653 2713 1733 IBERNI

693 1820 812 1886 AD
862 1817 1352 1886 CATHOLICU
1354 1818 1427 1884 M
1467 1814 1925 1882 LECTOREM
1964 1815 2399 1886 EPISTOLA.

357 2221 384 2302 ΙΙ
409 2219 694 2284 ΤΛΜΕΤΒΙ
731 2217 1136 2304 superioribus
1167 2218 1401 2298 seculis,
1433 2226 1494 2284 et
1518 2218 1630 2284 hac
1661 2218 1841 2282 etiam
1871 2224 2243 2304 tempestate,
2274 2220 2583 2289 Catholice
2624 2222 2742 2289 lec·
2766 2238 2875 2307 [1.]
2899 2243 2921 2276 r

345 2313 460 2385 tor,
493 2305 698 2371 multae
725 2307 1018 2391 variaeque
1061 2328 1156 2372 res
1201 2307 1372 2392 regui
1393 2305 1650 2371 Ibernioe
1677 2305 1920 2370 fuerunt
1963 2314 2295 2372 memoratu
2322 2315 2383 2373 et
2410 2309 2585 2376 laude
2614 2310 2745 2398 dig-

347 2393 626 2472 nissimae‚
683 2392 804 2459 illae
859 2400 1062 2458 tamen
1081 2393 1180 2458 vel
1222 2418 1257 2459 a
1299 2392 1468 2458 nullo
1524 2393 1824 2458 memoriae
1868 2393 2137 2478 proditae,
2168 2394 2419 2480 caligine
2463 2397 2747 2463 altissima

349 2501 558 2545 mersae
585 2479 650 2544 in
726 2478 988 2544 tenebris
1018 2479 1392 2559 delitescunt,
1437 2479 1532 2544 vel
1568 2479 1862 2544 Ibernicis
1910 2485 2147 2545 tantum
2195 2480 2413 2547 litteris
2453 2485 2751 2550 mandatae

345 2569 508 2632 intra
561 2564 918 2631 domesticos
961 2567 1215 2653 parietes
1264 2566 1666 2645 continentur,
1699 2589 1734 2631 a
1782 2567 2023 2632 nemine
2052 2567 2196 2632 satis
2224 2567 2444 2635 Latino
2475 2593 2750 2638 sermone

347 2653 678 2719 celebratae.
766 2651 866 2718 Ita
885 2654 989 2738 qui
1004 2660 1341 2740 temporum
1362 2658 1702 2718 nostrorum
1730 2651 2178 2718 Ecclesiasticus
2206 2654 2485 2722 historias
2505 2665 2751 2724 contex-

349 2744 590 2818 uerunt,
673 2745 777 2803 aut
857 2762 988 2804 eam
1065 2739 1326 2805 insulam
1392 2741 1636 2805 omnino
1714 2739 1885 2804 taciti
1958 2741 2419 2825 praeteriverunt
2490 2751 2597 2810 aut
2673 2745 2749 2810 de

348 2849 418 2893 ea
493 2849 673 2912 quam
760 2826 1116 2912 paucissima
1175 2833 1236 2891 et
1305 2825 1604 2890 levissima
1659 2825 2036 2890 tradiderunt
2083 2853 2097 2891 ε
2174 2850 2312 2894 cum
2361 2835 2565 2895 tamen
2634 2855 2742 2918 pro

347 2914 684 2980 Christiana
729 2913 952 2999 pietate
987 2912 1214 2978 tuenda
1261 2912 1614 2998 pertulerint
1654 2911 1887 2977 labores
1946 2913 2324 2998 gravissimos
2376 2923 2437 2981 et
2475 2919 2744 2984 omnium

347 3003 628 3087 opinione
671 3001 942 3086 majores.
1033 2999 1188 3064 Inde
1233 2999 1476 3085 quidem
1520 2999 1749 3064 externi
1793 2999 2109 3084 scriptores
2153 3003 2365 3067 merito
2412 3013 2745 3088 queruntur

345 3088 583 3154 nullum
640 3093 839 3154 extare
886 3087 1230 3153 Ibernicum
1278 3087 1648 3165 historicum,
1710 3085 1816 3171 qui
1852 3087 2059 3173 patriae
2108 3110 2232 3153 suae
2288 3111 2384 3154 res
2441 3091 2507 3156 in
2546 3091 2745 3158 lucem

347 3176 592 3241 emissas
621 3175 835 3240 exteris
856 3174 1140 3262 gentibus
1168 3173 1609 3260 cognoscendas
1627 3172 1703 3238 ob
1735 3173 1940 3238 oculos
1956 3181 2252 3260 proponat
2278 3203 2291 3241 :
2336 3177 2399 3241 id
2422 3200 2537 3262 que
2554 3181 2745 3266 magis

348 3261 686 3328 mirandum
745 3269 854 3341 est,
909 3261 1068 3348 quod
1099 3262 1278 3326 etiam
1307 3260 1484 3326 hodie
1513 3259 1689 3324 multi
1719 3258 1925 3325 Iberni
1968 3262 2119 3326 sacri
2170 3268 2232 3326 et
2275 3263 2583 3330 saeculares
2631 3267 2745 3333 viri
2774 3287 2781 3296 ·

347 3350 592 3435 ingenio
645 3349 999 3414 excellentes
1057 3348 1123 3414 in
1175 3348 1513 3434 theologiae,
1572 3347 1985 3434 philosophiae,
2035 3348 2187 3434 juris
2275 3352 2605 3437 utriusque,
2682 3363 2745 3419 et

349 3444 702 3503 coeterarum
721 3437 1100 3501 scientiarum
1123 3435 1323 3500 studio
1340 3435 1608 3501 floreant.
1698 3434 1927 3500 Verum
1951 3435 2015 3499 ni
2038 3457 2151 3520 ego
2180 3439 2522 3523 conjectura
2550 3439 2740 3520 fallor,

347 3526 440 3587 vis
467 3526 774 3610 praesentis
794 3523 1183 3608 tempestatis,
1203 3529 1264 3587 et
1285 3543 1610 3588 concursus
1631 3520 1980 3606 multiplicis
2002 3523 2351 3589 calamitatis
2381 3525 2495 3590 hoc
2524 3534 2744 3593 conatu

345 3618 582 3676 nostros
639 3610 910 3675 homines
960 3608 1256 3695 prohibet.
1345 3608 1661 3674 Fluctibus
1689 3608 1850 3673 enim
1880 3613 2004 3673 tam
2032 3609 2579 3692 turbulentissimiS,
2610 3621 2742 3678 tan-

343 3703 526 3783 taque
582 3719 782 3771 rerum
839 3698 1110 3761 omnium
1137 3696 1584 3783 perturbatione
1628 3718 1835 3760 sumus
1865 3695 2136 3760 convulsi
2179 3702 2241 3761 et
2268 3696 2625 3778 labefactati,
2669 3707 2741 3765 ut

347 3784 644 3850 scribendi
684 3785 876 3849 otium
933 3805 1309 3868 nequaquam
1361 3787 1657 3869 suppetat.
1732 3781 1916 3846 Unde
1960 3781 2035 3845 de
2092 3781 2267 3847 nobis
2311 3785 2501 3870 repeti
2540 3791 2740 3870 potest

347 3893 584 3938 carmen
609 3870 780 3950 illud,
805 3869 967 3954 quod
996 3869 1229 3934 Ovidus
1258 3870 1332 3934 de
1361 3892 1424 3934 se
1452 3869 1632 3933 cauit.

632 4017 670 4048 “
691 4011 824 4076 Des,
847 4010 995 4069 licet,
1020 4019 1086 4065 ut
1109 4009 1289 4063 valido
1313 4015 1506 4092 pectus
1542 4007 1676 4060 mihi
1699 4007 1900 4061 robore
1924 4006 2127 4062 fultum

770 4082 944 4136 Fama
968 4079 1144 4134 refert
1168 4081 1339 4152 Anyti
1364 4079 1522 4150 quale
1546 4078 1712 4132 fuisse
1737 4079 1819 4131 rei

699 4154 910 4208 Fracta
933 4152 1094 4206 cadet
1115 4159 1283 4205 tantae
1307 4150 1573 4222 sapientia
1595 4149 1738 4204 mole
1763 4149 1936 4205 ruinoe
1963 4173 1975 4203 :

773 4225 911 4278 Plus
935 4223 1082 4278 valet
1099 4223 1348 4276 humanis
1363 4221 1570 4275 viribus
1587 4221 1672 4275 ira
1685 4220 1812 4275 Dei.

701 4295 808 4350 Ille
831 4313 996 4352 senex
1021 4294 1201 4348 dictus
1225 4292 1437 4365 sapiens
1459 4293 1529 4346 ab
1555 4292 1805 4364 Apolline
1828 4291 2041 4346 nullum

771 4367 1029 4422 Scribere
1051 4366 1108 4419 in
1131 4366 1237 4419 hoc
1260 4383 1392 4420 casu
1412 4365 1737 4419 sustinusset
1751 4365 1944 4436 opus.”

432 4496 683 4564 Accedit
711 4497 910 4574 etiam,
941 4501 1012 4560 ut
1039 4516 1280 4560 neeesse
1305 4494 1403 4573 sit,
1433 4499 1538 4558 aut
1565 4492 1720 4558 foede
1750 4493 2013 4571 mentiri,
2032 4493 2195 4577 quod
2226 4501 2317 4560 est
2340 4503 2546 4566 contra
2572 4504 2735 4589 leges

345 4585 633 4663 historiae,
685 4591 788 4648 aut
846 4605 947 4648 eos
984 4582 1217 4661 laedere,
1248 4603 1430 4667 penes
1470 4602 1620 4664 quos
1663 4585 1756 4644 est
1781 4580 1849 4644 in
1876 4577 2139 4659 Ibernia,
2157 4603 2358 4648 rerum
2396 4585 2731 4671 imperium,

345 4673 605 4756 vitaeque
626 4677 686 4734 et
727 4670 890 4735 necis
917 4675 1200 4756 potestas.
1286 4668 1549 4732 Tantum
1578 4688 1718 4731 vero
1747 4666 2080 4751 periculum
2100 4677 2319 4750 quotus
2349 4673 2600 4758 quisque
2621 4685 2733 4758 est,

345 4760 450 4846 qui
479 4757 678 4823 subire
699 4755 918 4822 vellet?
1007 4755 1245 4826 Quibus
1273 4755 1525 4821 efficitur
1565 4759 1638 4818 ut
1663 4753 1857 4818 nostri
1894 4753 2269 4822 invictissimi
2298 4766 2599 4846 martyres,
2630 4767 2735 4850 qui

344 4843 705 4912 cruciatibus
753 4841 1098 4930 ingentibus
1155 4842 1347 4909 affecti
1406 4863 1514 4927 pro
1571 4839 1704 4926 lege
1753 4839 1979 4906 Christi
2028 4839 2443 4932 Redemptoris
2507 4851 2735 4918 animas
