<?xml version="1.0" encoding="UTF-8"?>
<!DOCTYPE html PUBLIC "-//W3C//DTD XHTML 1.0 Transitional//EN"
    "http://www.w3.org/TR/xhtml1/DTD/xhtml1-transitional.dtd">
<html xmlns="http://www.w3.org/1999/xhtml" xml:lang="en" lang="en">
 <head>
  <title>
</title>
<meta http-equiv="Content-Type" content="text/html;charset=utf-8" />
  <meta name='ocr-system' content='tesseract 3.04.00' />
  <meta name='ocr-capabilities' content='ocr_page ocr_carea ocr_par ocr_line ocrx_word'/>
</head>
<body>
  <div class='ocr_page' id='page_1' title='image "./historicatholic00kellgoog_0319.png"; bbox 0 0 3634 5842; ppageno 0'>
   <div class='ocr_carea' id='block_1_1' title="bbox 391 740 2791 810">
    <p class='ocr_par' dir='ltr' id='par_1_1' title="bbox 391 740 2791 810">
     <span class='ocr_line' id='line_1_1' title="bbox 391 740 2791 810; baseline -0.001 -6"><span class='ocrx_word' id='word_1_1' title='bbox 391 759 532 804; x_wconf 72' lang='lat' dir='ltr'><strong>car.</strong></span> <span class='ocrx_word' id='word_1_2' title='bbox 563 759 656 805; x_wconf 81' lang='lat'><strong>11.</strong></span> <span class='ocrx_word' id='word_1_3' title='bbox 901 757 988 804; x_wconf 76' lang='lat' dir='ltr'><strong>ns</strong></span> <span class='ocrx_word' id='word_1_4' title='bbox 1015 757 1318 810; x_wconf 70' lang='lat' dir='ltr'><strong>nuawon</strong></span> <span class='ocrx_word' id='word_1_5' title='bbox 1345 757 1570 804; x_wconf 73' lang='lat' dir='ltr'><strong>unns</strong></span> <span class='ocrx_word' id='word_1_6' title='bbox 1595 755 2093 804; x_wconf 71' lang='lat' dir='ltr'><strong>nassum-roms</strong></span> <span class='ocrx_word' id='word_1_7' title='bbox 2121 757 2403 804; x_wconf 71' lang='lat' dir='ltr'><strong>runcns.</strong></span> <span class='ocrx_word' id='word_1_8' title='bbox 2430 781 2439 790; x_wconf 89' lang='lat'>-</span> <span class='ocrx_word' id='word_1_9' title='bbox 2652 740 2791 802; x_wconf 77' lang='lat'><strong>-288</strong></span> 
     </span>
    </p>
   </div>
   <div class='ocr_carea' id='block_1_2' title="bbox 385 909 2795 1500">
    <p class='ocr_par' dir='ltr' id='par_1_2' title="bbox 385 909 2795 1500">
     <span class='ocr_line' id='line_1_2' title="bbox 385 909 2793 1000; baseline -0.001 -21"><span class='ocrx_word' id='word_1_10' title='bbox 385 911 754 1000; x_wconf 86' lang='lat' dir='ltr'><strong>imperando,</strong></span> <span class='ocrx_word' id='word_1_11' title='bbox 785 933 1102 998; x_wconf 73' lang='lat' dir='ltr'>rerumque</span> <span class='ocrx_word' id='word_1_12' title='bbox 1129 911 1631 978; x_wconf 74' lang='lat' dir='ltr'><strong>administrationi</strong></span> <span class='ocrx_word' id='word_1_13' title='bbox 1672 912 1928 997; x_wconf 87' lang='lat' dir='ltr'><strong>ineptos,</strong></span> <span class='ocrx_word' id='word_1_14' title='bbox 1998 911 2181 997; x_wconf 88' lang='lat' dir='ltr'><strong>nique</strong></span> <span class='ocrx_word' id='word_1_15' title='bbox 2230 910 2399 989; x_wconf 84' lang='lat' dir='ltr'>nihil,</span> <span class='ocrx_word' id='word_1_16' title='bbox 2429 909 2547 975; x_wconf 89' lang='lat' dir='ltr'><strong>nisi</strong></span> <span class='ocrx_word' id='word_1_17' title='bbox 2574 909 2793 976; x_wconf 88' lang='lat' dir='ltr'><strong>Catho-</strong></span> 
     </span>
     <span class='ocr_line' id='line_1_3' title="bbox 389 933 2793 1098; baseline -0.001 -32"><span class='ocrx_word' id='word_1_18' title='bbox 389 1000 645 1067; x_wconf 91' lang='lat' dir='ltr'><strong>licorum</strong></span> <span class='ocrx_word' id='word_1_19' title='bbox 675 999 896 1064; x_wconf 87' lang='lat' dir='ltr'><strong>civium</strong></span> <span class='ocrx_word' id='word_1_20' title='bbox 925 998 1196 1079; x_wconf 89' lang='lat' dir='ltr'><strong>consilio,</strong></span> <span class='ocrx_word' id='word_1_21' title='bbox 1227 1005 1290 1066; x_wconf 90' lang='lat' dir='ltr'><strong>et</strong></span> <span class='ocrx_word' id='word_1_22' title='bbox 1315 999 1582 1078; x_wconf 88' lang='lat' dir='ltr'><strong>monitis,</strong></span> <span class='ocrx_word' id='word_1_23' title='bbox 1611 998 1871 1064; x_wconf 86' lang='lat' dir='ltr'><strong>audeant</strong></span> <span class='ocrx_word' id='word_1_24' title='bbox 1906 933 2137 1098; x_wconf 70' lang='lat' dir='ltr'><strong>juilmre,</strong></span> <span class='ocrx_word' id='word_1_25' title='bbox 2168 997 2500 1085; x_wconf 79' lang='lat' dir='ltr'><strong>praeficiunt</strong></span> <span class='ocrx_word' id='word_1_26' title='bbox 2530 996 2793 1083; x_wconf 83' lang='lat' dir='ltr'><strong>Reipub-</strong></span> 
     </span>
     <span class='ocr_line' id='line_1_4' title="bbox 391 1083 2795 1172; baseline -0.001 -19"><span class='ocrx_word' id='word_1_27' title='bbox 391 1087 545 1166; x_wconf 77' lang='lat' dir='ltr'><strong>licae,</strong></span> <span class='ocrx_word' id='word_1_28' title='bbox 574 1108 654 1152; x_wconf 91' lang='lat' dir='ltr'><strong>ne</strong></span> <span class='ocrx_word' id='word_1_29' title='bbox 681 1085 895 1165; x_wconf 86' lang='lat' dir='ltr'><strong>callidi,</strong></span> <span class='ocrx_word' id='word_1_30' title='bbox 927 1091 990 1152; x_wconf 89' lang='lat' dir='ltr'><strong>et</strong></span> <span class='ocrx_word' id='word_1_31' title='bbox 1017 1088 1202 1154; x_wconf 85' lang='lat' dir='ltr'><strong>astuti</strong></span> <span class='ocrx_word' id='word_1_32' title='bbox 1229 1086 1492 1152; x_wconf 77' lang='lat' dir='ltr'><strong>haeretici</strong></span> <span class='ocrx_word' id='word_1_33' title='bbox 1520 1084 1746 1172; x_wconf 85' lang='lat' dir='ltr'><strong>publici</strong></span> <span class='ocrx_word' id='word_1_34' title='bbox 1782 1083 1929 1150; x_wconf 88' lang='lat' dir='ltr'><strong>bom</strong></span> <span class='ocrx_word' id='word_1_35' title='bbox 1958 1083 2361 1172; x_wconf 81' lang='lat' dir='ltr'><strong>gubernaculo</strong></span> <span class='ocrx_word' id='word_1_36' title='bbox 2388 1084 2567 1170; x_wconf 91' lang='lat' dir='ltr'><strong>potiti</strong></span> <span class='ocrx_word' id='word_1_37' title='bbox 2594 1085 2795 1150; x_wconf 90' lang='lat' dir='ltr'><strong>omnia</strong></span> 
     </span>
     <span class='ocr_line' id='line_1_5' title="bbox 397 1170 2791 1250; baseline -0.002 -10"><span class='ocrx_word' id='word_1_38' title='bbox 397 1176 508 1240; x_wconf 66' lang='lat' dir='ltr'><strong>sua</strong></span> <span class='ocrx_word' id='word_1_39' title='bbox 533 1172 782 1238; x_wconf 81' lang='lat' dir='ltr'><strong>libidine</strong></span> <span class='ocrx_word' id='word_1_40' title='bbox 809 1171 1175 1239; x_wconf 79' lang='lat' dir='ltr'><strong>subvertant.</strong></span> <span class='ocrx_word' id='word_1_41' title='bbox 1263 1173 1421 1244; x_wconf 81' lang='lat' dir='ltr'><strong>Quae</strong></span> <span class='ocrx_word' id='word_1_42' title='bbox 1469 1195 1608 1239; x_wconf 90' lang='lat' dir='ltr'><strong>cum</strong></span> <span class='ocrx_word' id='word_1_43' title='bbox 1659 1172 1962 1238; x_wconf 77' lang='lat' dir='ltr'><strong>didicisset</strong></span> <span class='ocrx_word' id='word_1_44' title='bbox 2004 1171 2049 1236; x_wconf 83' lang='lat' dir='ltr'><strong>J</strong></span> <span class='ocrx_word' id='word_1_45' title='bbox 2050 1170 2289 1250; x_wconf 88' lang='lat' dir='ltr'><strong>acobus,</strong></span> <span class='ocrx_word' id='word_1_46' title='bbox 2340 1171 2551 1237; x_wconf 79' lang='lat' dir='ltr'><strong>statuit</strong></span> <span class='ocrx_word' id='word_1_47' title='bbox 2592 1172 2791 1237; x_wconf 87' lang='lat' dir='ltr'><strong>animo</strong></span> 
     </span>
     <span class='ocr_line' id='line_1_6' title="bbox 397 1257 2791 1343; baseline -0.001 -17"><span class='ocrx_word' id='word_1_48' title='bbox 397 1260 666 1326; x_wconf 86' lang='lat' dir='ltr'><strong>civitates</strong></span> <span class='ocrx_word' id='word_1_49' title='bbox 695 1281 900 1325; x_wconf 88' lang='lat' dir='ltr'><strong>omnes</strong></span> <span class='ocrx_word' id='word_1_50' title='bbox 917 1259 1398 1326; x_wconf 83' lang='lat' dir='ltr'><strong>immunitatibus</strong></span> <span class='ocrx_word' id='word_1_51' title='bbox 1441 1281 1673 1338; x_wconf 82' lang='lat' dir='ltr'><strong>exuere,</strong></span> <span class='ocrx_word' id='word_1_52' title='bbox 1701 1259 1823 1324; x_wconf 87' lang='lat' dir='ltr'><strong>illis</strong></span> <span class='ocrx_word' id='word_1_53' title='bbox 1843 1258 1946 1343; x_wconf 87' lang='lat' dir='ltr'><strong>jus</strong></span> <span class='ocrx_word' id='word_1_54' title='bbox 1974 1259 2214 1324; x_wconf 90' lang='lat' dir='ltr'><strong>creandi</strong></span> <span class='ocrx_word' id='word_1_55' title='bbox 2240 1257 2623 1342; x_wconf 77' lang='lat' dir='ltr'><strong>magistratus</strong></span> <span class='ocrx_word' id='word_1_56' title='bbox 2666 1259 2791 1324; x_wconf 89' lang='lat' dir='ltr'><strong>adi-</strong></span> 
     </span>
     <span class='ocr_line' id='line_1_7' title="bbox 397 1343 2791 1431; baseline -0 -20"><span class='ocrx_word' id='word_1_57' title='bbox 397 1367 577 1425; x_wconf 88' lang='lat' dir='ltr'><strong>mere,</strong></span> <span class='ocrx_word' id='word_1_58' title='bbox 607 1344 670 1411; x_wconf 89' lang='lat' dir='ltr'><strong>id</strong></span> <span class='ocrx_word' id='word_1_59' title='bbox 686 1346 1022 1427; x_wconf 73' lang='lat' dir='ltr'><strong>intendem,</strong></span> <span class='ocrx_word' id='word_1_60' title='bbox 1041 1352 1115 1414; x_wconf 90' lang='lat' dir='ltr'><strong>ut</strong></span> <span class='ocrx_word' id='word_1_61' title='bbox 1135 1347 1230 1413; x_wconf 87' lang='lat' dir='ltr'><strong>vel</strong></span> <span class='ocrx_word' id='word_1_62' title='bbox 1251 1346 1590 1414; x_wconf 74' lang='lat' dir='ltr'><strong>Catholicae</strong></span> <span class='ocrx_word' id='word_1_63' title='bbox 1611 1344 1688 1411; x_wconf 87' lang='lat' dir='ltr'><strong>ad</strong></span> <span class='ocrx_word' id='word_1_64' title='bbox 1709 1367 1900 1411; x_wconf 89' lang='lat' dir='ltr'><strong>unum</strong></span> <span class='ocrx_word' id='word_1_65' title='bbox 1917 1345 2143 1431; x_wconf 89' lang='lat' dir='ltr'><strong>perdat,</strong></span> <span class='ocrx_word' id='word_1_66' title='bbox 2164 1343 2263 1410; x_wconf 88' lang='lat' dir='ltr'><strong>vel</strong></span> <span class='ocrx_word' id='word_1_67' title='bbox 2278 1343 2353 1410; x_wconf 84' lang='lat' dir='ltr'><strong>ad</strong></span> <span class='ocrx_word' id='word_1_68' title='bbox 2372 1350 2591 1410; x_wconf 88' lang='lat' dir='ltr'><strong>sectam</strong></span> <span class='ocrx_word' id='word_1_69' title='bbox 2620 1367 2791 1410; x_wconf 86' lang='lat' dir='ltr'><strong>suam</strong></span> 
     </span>
     <span class='ocr_line' id='line_1_8' title="bbox 395 1433 1198 1500; baseline -0.002 0"><span class='ocrx_word' id='word_1_70' title='bbox 395 1433 800 1500; x_wconf 73' lang='lat' dir='ltr'><strong>calvinianam</strong></span> <span class='ocrx_word' id='word_1_71' title='bbox 828 1433 1198 1500; x_wconf 64' lang='lat' dir='ltr'><strong>convertat*</strong></span> 
     </span>
    </p>
   </div>
   <div class='ocr_carea' id='block_1_3' title="bbox 1071 1661 1228 1670">
    <p class='ocr_par' dir='ltr' id='par_1_3' title="bbox 1071 1661 1228 1670">
     <span class='ocr_line' id='line_1_9' title="bbox 1071 1661 1228 1670; baseline 0 0"><span class='ocrx_word' id='word_1_72' title='bbox 1071 1663 1102 1670; x_wconf 85' lang='lat'><em>-</em></span> <span class='ocrx_word' id='word_1_73' title='bbox 1130 1661 1228 1670; x_wconf 46' lang='lat' dir='ltr'><strong>Q---a</strong></span> 
     </span>
    </p>
   </div>
   <div class='ocr_carea' id='block_1_4' title="bbox 605 1849 2555 2102">
    <p class='ocr_par' dir='ltr' id='par_1_4' title="bbox 605 1849 2555 2102">
     <span class='ocr_line' id='line_1_10' title="bbox 1405 1849 1753 1916; baseline -0.006 0"><span class='ocrx_word' id='word_1_74' title='bbox 1405 1851 1584 1916; x_wconf 85' lang='lat' dir='ltr'><strong>CAP.</strong></span> <span class='ocrx_word' id='word_1_75' title='bbox 1631 1849 1753 1916; x_wconf 87' lang='lat' dir='ltr'><strong>XI.</strong></span> 
     </span>
     <span class='ocr_line' id='line_1_11' title="bbox 605 2025 2555 2102; baseline 0 -20"><span class='ocrx_word' id='word_1_76' title='bbox 605 2029 780 2101; x_wconf 77' lang='lat' dir='ltr'><strong>Regis</strong></span> <span class='ocrx_word' id='word_1_77' title='bbox 803 2029 1020 2101; x_wconf 69' lang='lat' dir='ltr'><strong>Angliae</strong></span> <span class='ocrx_word' id='word_1_78' title='bbox 1043 2029 1276 2102; x_wconf 84' lang='lat' dir='ltr'><strong>epistola</strong></span> <span class='ocrx_word' id='word_1_79' title='bbox 1296 2029 1371 2083; x_wconf 76' lang='lat' dir='ltr'><strong>ad</strong></span> <span class='ocrx_word' id='word_1_80' title='bbox 1391 2027 1620 2084; x_wconf 68' lang='lat' dir='ltr'><strong>Ibernio</strong></span> <span class='ocrx_word' id='word_1_81' title='bbox 1642 2043 1955 2100; x_wconf 77' lang='lat' dir='ltr'><strong>proregem,</strong></span> <span class='ocrx_word' id='word_1_82' title='bbox 1984 2025 2269 2082; x_wconf 88' lang='lat' dir='ltr'><strong>consilium</strong></span> <span class='ocrx_word' id='word_1_83' title='bbox 2294 2034 2351 2082; x_wconf 90' lang='lat' dir='ltr'><strong>et</strong></span> <span class='ocrx_word' id='word_1_84' title='bbox 2374 2029 2555 2084; x_wconf 87' lang='lat' dir='ltr'><strong>urbes.</strong></span> 
     </span>
    </p>
   </div>
   <div class='ocr_carea' id='block_1_5' title="bbox 394 2188 2783 2278">
    <p class='ocr_par' dir='ltr' id='par_1_5' title="bbox 394 2188 2783 2278">
     <span class='ocr_line' id='line_1_12' title="bbox 394 2188 2783 2278; baseline 0.003 -21"><span class='ocrx_word' id='word_1_85' title='bbox 394 2192 646 2264; x_wconf 79' lang='lat' dir='ltr'><strong>anus</strong></span> <span class='ocrx_word' id='word_1_86' title='bbox 698 2191 774 2257; x_wconf 90' lang='lat' dir='ltr'><strong>de</strong></span> <span class='ocrx_word' id='word_1_87' title='bbox 821 2191 1000 2258; x_wconf 85' lang='lat' dir='ltr'><strong>rebus</strong></span> <span class='ocrx_word' id='word_1_88' title='bbox 1057 2197 1220 2257; x_wconf 82' lang='lat' dir='ltr'><strong>extat</strong></span> <span class='ocrx_word' id='word_1_89' title='bbox 1269 2193 1398 2278; x_wconf 87' lang='lat' dir='ltr'><strong>ejus</strong></span> <span class='ocrx_word' id='word_1_90' title='bbox 1447 2190 1698 2278; x_wconf 85' lang='lat' dir='ltr'><strong>epistola</strong></span> <span class='ocrx_word' id='word_1_91' title='bbox 1752 2188 1931 2256; x_wconf 85' lang='lat' dir='ltr'><strong>nobis</strong></span> <span class='ocrx_word' id='word_1_92' title='bbox 1986 2190 2053 2256; x_wconf 90' lang='lat' dir='ltr'><strong>in</strong></span> <span class='ocrx_word' id='word_1_93' title='bbox 2108 2191 2395 2259; x_wconf 87' lang='lat' dir='ltr'><strong>Latinum</strong></span> <span class='ocrx_word' id='word_1_94' title='bbox 2454 2217 2783 2263; x_wconf 89' lang='lat' dir='ltr'><strong>sermonem</strong></span> 
     </span>
    </p>
   </div>
   <div class='ocr_carea' id='block_1_6' title="bbox 395 2301 1724 2479">
    <p class='ocr_par' dir='ltr' id='par_1_6' title="bbox 395 2301 1724 2479">
     <span class='ocr_line' id='line_1_13' title="bbox 395 2301 688 2346; baseline 0 -2"><span class='ocrx_word' id='word_1_95' title='bbox 395 2301 560 2346; x_wconf 66' lang='grc' dir='ltr'><strong>781*δὸ</strong></span> <span class='ocrx_word' id='word_1_96' title='bbox 580 2305 688 2344; x_wconf 80' lang='lat'><strong>:—</strong></span> 
     </span>
     <span class='ocr_line' id='line_1_14' title="bbox 1430 2395 1724 2479; baseline -0.003 -18"><span class='ocrx_word' id='word_1_97' title='bbox 1430 2395 1724 2479; x_wconf 58' lang='lat' dir='ltr'><strong>spietoza.</strong></span> 
     </span>
    </p>
   </div>
   <div class='ocr_carea' id='block_1_7' title="bbox 694 2551 2425 2639">
    <p class='ocr_par' dir='ltr' id='par_1_7' title="bbox 694 2551 2425 2639">
     <span class='ocr_line' id='line_1_15' title="bbox 694 2551 2425 2639; baseline 0.001 -16"><span class='ocrx_word' id='word_1_98' title='bbox 694 2551 702 2559; x_wconf 56' lang='grc'><em>’</em></span> <span class='ocrx_word' id='word_1_99' title='bbox 731 2569 972 2624; x_wconf 83' lang='lat' dir='ltr'><strong>Jacobus</strong></span> <span class='ocrx_word' id='word_1_100' title='bbox 997 2567 1124 2623; x_wconf 78' lang='lat' dir='ltr'><strong>Rex</strong></span> <span class='ocrx_word' id='word_1_101' title='bbox 1144 2568 1219 2622; x_wconf 76' lang='lat' dir='ltr'><strong>ad</strong></span> <span class='ocrx_word' id='word_1_102' title='bbox 1239 2566 1476 2622; x_wconf 70' lang='lat' dir='ltr'><strong>Ibernio</strong></span> <span class='ocrx_word' id='word_1_103' title='bbox 1498 2565 1825 2639; x_wconf 68' lang='lat' dir='ltr'><strong>Prot-egem,</strong></span> <span class='ocrx_word' id='word_1_104' title='bbox 1850 2567 2139 2622; x_wconf 87' lang='lat' dir='ltr'><strong>consilium</strong></span> <span class='ocrx_word' id='word_1_105' title='bbox 2162 2575 2221 2624; x_wconf 88' lang='lat' dir='ltr'><strong>et</strong></span> <span class='ocrx_word' id='word_1_106' title='bbox 2243 2569 2425 2624; x_wconf 86' lang='lat' dir='ltr'><strong>urbes.</strong></span> 
     </span>
    </p>
   </div>
   <div class='ocr_carea' id='block_1_8' title="bbox 381 2687 2782 4753">
    <p class='ocr_par' dir='ltr' id='par_1_8' title="bbox 381 2687 2782 4753">
     <span class='ocr_line' id='line_1_16' title="bbox 461 2687 2780 2764; baseline 0 -17"><span class='ocrx_word' id='word_1_107' title='bbox 461 2689 760 2758; x_wconf 77' lang='lat' dir='ltr'><strong>Fidissimi,</strong></span> <span class='ocrx_word' id='word_1_108' title='bbox 783 2698 842 2744; x_wconf 91' lang='lat' dir='ltr'><strong>et</strong></span> <span class='ocrx_word' id='word_1_109' title='bbox 865 2689 1150 2744; x_wconf 69' lang='lat' dir='ltr'><strong>clarissimi</strong></span> <span class='ocrx_word' id='word_1_110' title='bbox 1187 2687 1408 2743; x_wconf 87' lang='lat' dir='ltr'><strong>minime</strong></span> <span class='ocrx_word' id='word_1_111' title='bbox 1449 2705 1547 2742; x_wconf 80' lang='lat' dir='ltr'><strong>vos</strong></span> <span class='ocrx_word' id='word_1_112' title='bbox 1583 2687 1739 2750; x_wconf 86' lang='lat' dir='ltr'><strong>latet,</strong></span> <span class='ocrx_word' id='word_1_113' title='bbox 1767 2705 1932 2758; x_wconf 88' lang='lat' dir='ltr'><strong>quam</strong></span> <span class='ocrx_word' id='word_1_114' title='bbox 2112 2689 2181 2743; x_wconf 89' lang='lat' dir='ltr'><strong>de</strong></span> <span class='ocrx_word' id='word_1_115' title='bbox 2316 2691 2432 2744; x_wconf 88' lang='lat' dir='ltr'><strong>rint</strong></span> <span class='ocrx_word' id='word_1_116' title='bbox 2466 2691 2677 2764; x_wconf 87' lang='lat' dir='ltr'><strong>aliquot</strong></span> <span class='ocrx_word' id='word_1_117' title='bbox 2712 2712 2780 2748; x_wconf 85' lang='lat' dir='ltr'><strong>ex</strong></span> 
     </span>
     <span class='ocr_line' id='line_1_17' title="bbox 389 2758 2782 2886; baseline -0 -67"><span class='ocrx_word' id='word_1_118' title='bbox 389 2763 680 2849; x_wconf 69' lang='lat' dir='ltr'><strong>praecipuis</strong></span> <span class='ocrx_word' id='word_1_119' title='bbox 703 2762 949 2824; x_wconf 86' lang='lat' dir='ltr'><strong>urbibus,</strong></span> <span class='ocrx_word' id='word_1_120' title='bbox 973 2769 1031 2816; x_wconf 89' lang='lat' dir='ltr'><strong>et</strong></span> <span class='ocrx_word' id='word_1_121' title='bbox 1067 2760 1284 2886; x_wconf 63' lang='lat' dir='ltr'><strong>oppidis</strong></span> <span class='ocrx_word' id='word_1_122' title='bbox 1324 2758 1482 2813; x_wconf 89' lang='lat' dir='ltr'><strong>istius</strong></span> <span class='ocrx_word' id='word_1_123' title='bbox 1523 2759 1698 2813; x_wconf 87' lang='lat' dir='ltr'><strong>nostri</strong></span> <span class='ocrx_word' id='word_1_124' title='bbox 1737 2759 1897 2830; x_wconf 78' lang='lat' dir='ltr'><strong>regni</strong></span> <span class='ocrx_word' id='word_1_125' title='bbox 1938 2760 1966 2814; x_wconf 89' lang='lat'>1</span> <span class='ocrx_word' id='word_1_126' title='bbox 2038 2759 2173 2814; x_wconf 76' lang='lat' dir='ltr'><strong>rnioe</strong></span> <span class='ocrx_word' id='word_1_127' title='bbox 2196 2777 2261 2813; x_wconf 85' lang='lat' dir='ltr'><strong>su</strong></span> <span class='ocrx_word' id='word_1_128' title='bbox 2334 2761 2545 2816; x_wconf 89' lang='lat' dir='ltr'><strong>obitum</strong></span> <span class='ocrx_word' id='word_1_129' title='bbox 2580 2771 2782 2818; x_wconf 70' lang='lat' dir='ltr'><strong>nostrae</strong></span> 
     </span>
     <span class='ocr_line' id='line_1_18' title="bbox 391 2829 2780 2903; baseline -0.001 -11"><span class='ocrx_word' id='word_1_130' title='bbox 391 2851 599 2892; x_wconf 77' lang='lat' dir='ltr'><strong>sororis</strong></span> <span class='ocrx_word' id='word_1_131' title='bbox 646 2831 1010 2888; x_wconf 68' lang='lat' dir='ltr'><strong>dilectissimo</strong></span> <span class='ocrx_word' id='word_1_132' title='bbox 1057 2831 1108 2887; x_wconf 86' lang='grc' dir='ltr'><strong>Ε</strong></span> <span class='ocrx_word' id='word_1_133' title='bbox 1135 2831 1398 2886; x_wconf 74' lang='lat' dir='ltr'><strong>izabethae</strong></span> <span class='ocrx_word' id='word_1_134' title='bbox 1443 2829 1638 2884; x_wconf 80' lang='lat' dir='ltr'><strong>foelicis</strong></span> <span class='ocrx_word' id='word_1_135' title='bbox 1703 2829 2122 2893; x_wconf 83' lang='lat' dir='ltr'><strong>recordationis,</strong></span> <span class='ocrx_word' id='word_1_136' title='bbox 2169 2832 2409 2903; x_wconf 86' lang='lat' dir='ltr'><strong>primum</strong></span> <span class='ocrx_word' id='word_1_137' title='bbox 2469 2833 2780 2898; x_wconf 84' lang='lat' dir='ltr'><strong>inficiando,</strong></span> 
     </span>
     <span class='ocr_line' id='line_1_19' title="bbox 392 2900 2779 2972; baseline -0.001 -10"><span class='ocrx_word' id='word_1_138' title='bbox 392 2907 588 2962; x_wconf 80' lang='lat' dir='ltr'><strong>deinde</strong></span> <span class='ocrx_word' id='word_1_139' title='bbox 603 2906 832 2960; x_wconf 87' lang='lat' dir='ltr'><strong>nimium</strong></span> <span class='ocrx_word' id='word_1_140' title='bbox 855 2902 982 2958; x_wconf 69' lang='lat' dir='ltr'><strong>sero</strong></span> <span class='ocrx_word' id='word_1_141' title='bbox 1005 2903 1313 2958; x_wconf 78' lang='lat' dir='ltr'><strong>confitendo</strong></span> <span class='ocrx_word' id='word_1_142' title='bbox 1331 2901 1428 2972; x_wconf 88' lang='lat' dir='ltr'><strong>jus</strong></span> <span class='ocrx_word' id='word_1_143' title='bbox 1449 2909 1653 2955; x_wconf 77' lang='lat' dir='ltr'><strong>nostres</strong></span> <span class='ocrx_word' id='word_1_144' title='bbox 1676 2900 2031 2954; x_wconf 73' lang='lat' dir='ltr'><strong>successionis</strong></span> <span class='ocrx_word' id='word_1_145' title='bbox 2048 2901 2103 2954; x_wconf 90' lang='lat' dir='ltr'><strong>in</strong></span> <span class='ocrx_word' id='word_1_146' title='bbox 2130 2901 2550 2958; x_wconf 76' lang='lat' dir='ltr'><strong>dominationem</strong></span> <span class='ocrx_word' id='word_1_147' title='bbox 2576 2905 2779 2960; x_wconf 87' lang='lat' dir='ltr'><strong>horum</strong></span> 
     </span>
     <span class='ocr_line' id='line_1_20' title="bbox 389 2969 2779 3051; baseline -0 -19"><span class='ocrx_word' id='word_1_148' title='bbox 389 2977 626 3051; x_wconf 74' lang='lat' dir='ltr'><strong>Angline,</strong></span> <span class='ocrx_word' id='word_1_149' title='bbox 652 2985 711 3033; x_wconf 88' lang='lat' dir='ltr'><strong>et</strong></span> <span class='ocrx_word' id='word_1_150' title='bbox 734 2975 966 3030; x_wconf 78' lang='lat' dir='ltr'><strong>Ibernise</strong></span> <span class='ocrx_word' id='word_1_151' title='bbox 989 2991 1306 3046; x_wconf 79' lang='lat' dir='ltr'><strong>regnorum.</strong></span> <span class='ocrx_word' id='word_1_152' title='bbox 1373 2971 1500 3037; x_wconf 64' lang='lat' dir='ltr'><strong>Qua</strong></span> <span class='ocrx_word' id='word_1_153' title='bbox 1522 2973 1590 3027; x_wconf 81' lang='lat' dir='ltr'><strong>de</strong></span> <span class='ocrx_word' id='word_1_154' title='bbox 1613 2969 1778 3026; x_wconf 68' lang='lat' dir='ltr'><strong>causa</strong></span> <span class='ocrx_word' id='word_1_155' title='bbox 1798 2989 1924 3042; x_wconf 85' lang='lat' dir='ltr'><strong>pax,</strong></span> <span class='ocrx_word' id='word_1_156' title='bbox 1949 2978 2007 3025; x_wconf 90' lang='lat' dir='ltr'><strong>et</strong></span> <span class='ocrx_word' id='word_1_157' title='bbox 2030 2973 2327 3027; x_wconf 86' lang='lat' dir='ltr'><strong>concordia.</strong></span> <span class='ocrx_word' id='word_1_158' title='bbox 2348 2972 2505 3029; x_wconf 87' lang='lat' dir='ltr'><strong>istius</strong></span> <span class='ocrx_word' id='word_1_159' title='bbox 2529 2975 2635 3031; x_wconf 85' lang='lat' dir='ltr'><strong>Rei</strong></span> <span class='ocrx_word' id='word_1_160' title='bbox 2675 2977 2779 3031; x_wconf 87' lang='lat' dir='ltr'><strong>ub-</strong></span> 
     </span>
     <span class='ocr_line' id='line_1_21' title="bbox 390 2993 2781 3116; baseline -0.001 -12"><span class='ocrx_word' id='word_1_161' title='bbox 390 3050 510 3104; x_wconf 75' lang='lat' dir='ltr'><strong>licae</strong></span> <span class='ocrx_word' id='word_1_162' title='bbox 545 3049 616 3104; x_wconf 89' lang='lat' dir='ltr'><strong>ali</strong></span> <span class='ocrx_word' id='word_1_163' title='bbox 653 3047 860 3102; x_wconf 88' lang='lat' dir='ltr'><strong>uandiu</strong></span> <span class='ocrx_word' id='word_1_164' title='bbox 899 3046 1225 3116; x_wconf 86' lang='lat' dir='ltr'><strong>perturbata</strong></span> <span class='ocrx_word' id='word_1_165' title='bbox 1263 3044 1582 3111; x_wconf 83' lang='lat' dir='ltr'><strong>fluctuabat,</strong></span> <span class='ocrx_word' id='word_1_166' title='bbox 1640 3043 1774 3097; x_wconf 86' lang='lat' dir='ltr'><strong>dum</strong></span> <span class='ocrx_word' id='word_1_167' title='bbox 1811 3042 2124 3114; x_wconf 86' lang='lat' dir='ltr'><strong>complures</strong></span> <span class='ocrx_word' id='word_1_168' title='bbox 2164 3053 2482 3100; x_wconf 90' lang='lat' dir='ltr'><strong>nostrorum</strong></span> <span class='ocrx_word' id='word_1_169' title='bbox 2532 2993 2781 3103; x_wconf 50' lang='lat' dir='ltr'><strong>subdito.</strong></span> 
     </span>
     <span class='ocr_line' id='line_1_22' title="bbox 389 3115 2780 3186; baseline -0 -12"><span class='ocrx_word' id='word_1_170' title='bbox 389 3137 537 3186; x_wconf 88' lang='lat' dir='ltr'><strong>rum,</strong></span> <span class='ocrx_word' id='word_1_171' title='bbox 561 3137 628 3174; x_wconf 86' lang='lat' dir='ltr'><strong>ve</strong></span> <span class='ocrx_word' id='word_1_172' title='bbox 671 3119 942 3174; x_wconf 81' lang='lat' dir='ltr'><strong>actionem</strong></span> <span class='ocrx_word' id='word_1_173' title='bbox 981 3117 1138 3172; x_wconf 86' lang='lat' dir='ltr'><strong>nobis</strong></span> <span class='ocrx_word' id='word_1_174' title='bbox 1175 3116 1412 3171; x_wconf 81' lang='lat' dir='ltr'><strong>debitam</strong></span> <span class='ocrx_word' id='word_1_175' title='bbox 1453 3115 1510 3169; x_wconf 88' lang='lat' dir='ltr'><strong>in</strong></span> <span class='ocrx_word' id='word_1_176' title='bbox 1545 3131 1804 3170; x_wconf 87' lang='lat' dir='ltr'><strong>coronam</strong></span> <span class='ocrx_word' id='word_1_177' title='bbox 1828 3115 2161 3186; x_wconf 76' lang='lat' dir='ltr'><strong>ignorantes,</strong></span> <span class='ocrx_word' id='word_1_178' title='bbox 2186 3115 2272 3170; x_wconf 85' lang='lat' dir='ltr'><strong>vel</strong></span> <span class='ocrx_word' id='word_1_179' title='bbox 2294 3116 2437 3171; x_wconf 73' lang='lat' dir='ltr'><strong>male</strong></span> <span class='ocrx_word' id='word_1_180' title='bbox 2460 3119 2517 3171; x_wconf 88' lang='lat' dir='ltr'><strong>in</strong></span> <span class='ocrx_word' id='word_1_181' title='bbox 2540 3136 2639 3172; x_wconf 87' lang='lat' dir='ltr'><strong>nos</strong></span> <span class='ocrx_word' id='word_1_182' title='bbox 2662 3120 2780 3173; x_wconf 84' lang='lat' dir='ltr'><strong>ani-</strong></span> 
     </span>
     <span class='ocr_line' id='line_1_23' title="bbox 389 3185 2778 3260; baseline 0 -15"><span class='ocrx_word' id='word_1_183' title='bbox 389 3191 528 3246; x_wconf 86' lang='lat' dir='ltr'><strong>mati</strong></span> <span class='ocrx_word' id='word_1_184' title='bbox 551 3191 619 3244; x_wconf 89' lang='lat' dir='ltr'><strong>de</strong></span> <span class='ocrx_word' id='word_1_185' title='bbox 643 3186 952 3246; x_wconf 55' lang='lat' dir='ltr'><strong>obedienti&amp;</strong></span> <span class='ocrx_word' id='word_1_186' title='bbox 973 3195 1174 3243; x_wconf 68' lang='lat' dir='ltr'><strong>nostro</strong></span> <span class='ocrx_word' id='word_1_187' title='bbox 1194 3187 1362 3260; x_wconf 71' lang='lat' dir='ltr'><strong>regite</strong></span> <span class='ocrx_word' id='word_1_188' title='bbox 1383 3203 1628 3258; x_wconf 67' lang='lat' dir='ltr'><strong>persone</strong></span> <span class='ocrx_word' id='word_1_189' title='bbox 1652 3185 1838 3240; x_wconf 84' lang='lat' dir='ltr'><strong>debita</strong></span> <span class='ocrx_word' id='word_1_190' title='bbox 1860 3185 2245 3241; x_wconf 86' lang='lat' dir='ltr'><strong>dissenserunt.</strong></span> <span class='ocrx_word' id='word_1_191' title='bbox 2320 3188 2447 3251; x_wconf 80' lang='lat' dir='ltr'><strong>Quo</strong></span> <span class='ocrx_word' id='word_1_192' title='bbox 2471 3190 2778 3260; x_wconf 84' lang='lat' dir='ltr'><strong>periculoso</strong></span> 
     </span>
     <span class='ocr_line' id='line_1_24' title="bbox 391 3255 2778 3334; baseline 0 -18"><span class='ocrx_word' id='word_1_193' title='bbox 391 3261 768 3317; x_wconf 73' lang='lat' dir='ltr'><strong>inobedientiae</strong></span> <span class='ocrx_word' id='word_1_194' title='bbox 787 3260 1032 3330; x_wconf 88' lang='lat' dir='ltr'><strong>exemplo</strong></span> <span class='ocrx_word' id='word_1_195' title='bbox 1045 3277 1156 3313; x_wconf 90' lang='lat' dir='ltr'><strong>non</strong></span> <span class='ocrx_word' id='word_1_196' title='bbox 1173 3259 1438 3322; x_wconf 88' lang='lat' dir='ltr'><strong>contenti,</strong></span> <span class='ocrx_word' id='word_1_197' title='bbox 1461 3258 1650 3313; x_wconf 67' lang='lat' dir='ltr'><strong>eadem</strong></span> <span class='ocrx_word' id='word_1_198' title='bbox 1675 3255 1904 3311; x_wconf 58' lang='lat' dir='ltr'><strong>audacia</strong></span> <span class='ocrx_word' id='word_1_199' title='bbox 1924 3257 2027 3311; x_wconf 83' lang='lat' dir='ltr'><strong>sibi</strong></span> <span class='ocrx_word' id='word_1_200' title='bbox 2051 3275 2228 3312; x_wconf 88' lang='lat' dir='ltr'><strong>assum</strong></span> <span class='ocrx_word' id='word_1_201' title='bbox 2296 3268 2459 3314; x_wconf 87' lang='lat' dir='ltr'><strong>erunt</strong></span> <span class='ocrx_word' id='word_1_202' title='bbox 2475 3259 2571 3330; x_wconf 85' lang='lat' dir='ltr'><strong>jus</strong></span> <span class='ocrx_word' id='word_1_203' title='bbox 2594 3262 2778 3334; x_wconf 78' lang='lat' dir='ltr'><strong>legum</strong></span> 
     </span>
     <span class='ocr_line' id='line_1_25' title="bbox 392 3328 2775 3403; baseline 0 -17"><span class='ocrx_word' id='word_1_204' title='bbox 392 3331 800 3387; x_wconf 75' lang='lat' dir='ltr'><strong>condendarum</strong></span> <span class='ocrx_word' id='word_1_205' title='bbox 832 3329 1305 3403; x_wconf 80' lang='lat' dir='ltr'><strong>gerendarumque</strong></span> <span class='ocrx_word' id='word_1_206' title='bbox 1333 3329 1774 3402; x_wconf 73' lang='lat' dir='ltr'><strong>magistratuum,</strong></span> <span class='ocrx_word' id='word_1_207' title='bbox 1799 3345 1911 3382; x_wconf 89' lang='lat' dir='ltr'><strong>non</strong></span> <span class='ocrx_word' id='word_1_208' title='bbox 1936 3328 2114 3383; x_wconf 89' lang='lat' dir='ltr'><strong>solum</strong></span> <span class='ocrx_word' id='word_1_209' title='bbox 2132 3347 2235 3400; x_wconf 87' lang='lat' dir='ltr'><strong>pro</strong></span> <span class='ocrx_word' id='word_1_210' title='bbox 2274 3331 2473 3386; x_wconf 90' lang='lat' dir='ltr'><strong>ibendo</strong></span> <span class='ocrx_word' id='word_1_211' title='bbox 2496 3333 2775 3402; x_wconf 90' lang='lat' dir='ltr'><strong>publicum</strong></span> 
     </span>
     <span class='ocr_line' id='line_1_26' title="bbox 393 3399 2779 3473; baseline 0 -16"><span class='ocrx_word' id='word_1_212' title='bbox 393 3403 604 3458; x_wconf 89' lang='lat' dir='ltr'><strong>cultum</strong></span> <span class='ocrx_word' id='word_1_213' title='bbox 629 3420 770 3457; x_wconf 77' lang='lat' dir='ltr'><strong>veroe</strong></span> <span class='ocrx_word' id='word_1_214' title='bbox 793 3401 1092 3473; x_wconf 80' lang='lat' dir='ltr'><strong>religionis,</strong></span> <span class='ocrx_word' id='word_1_215' title='bbox 1113 3407 1172 3455; x_wconf 89' lang='lat' dir='ltr'><strong>et</strong></span> <span class='ocrx_word' id='word_1_216' title='bbox 1195 3400 1356 3456; x_wconf 83' lang='lat' dir='ltr'><strong>officii</strong></span> <span class='ocrx_word' id='word_1_217' title='bbox 1379 3399 1548 3455; x_wconf 86' lang='lat' dir='ltr'><strong>divini</strong></span> <span class='ocrx_word' id='word_1_218' title='bbox 1586 3401 1857 3454; x_wconf 81' lang='lat' dir='ltr'><strong>sancitum</strong></span> <span class='ocrx_word' id='word_1_219' title='bbox 1898 3401 2231 3455; x_wconf 84' lang='lat' dir='ltr'><strong>auctoritate</strong></span> <span class='ocrx_word' id='word_1_220' title='bbox 2254 3402 2597 3472; x_wconf 75' lang='lat' dir='ltr'><strong>parliamenti</strong></span> <span class='ocrx_word' id='word_1_221' title='bbox 2620 3404 2779 3458; x_wconf 87' lang='lat' dir='ltr'><strong>istius</strong></span> 
     </span>
     <span class='ocr_line' id='line_1_27' title="bbox 389 3469 2778 3545; baseline 0 -18"><span class='ocrx_word' id='word_1_222' title='bbox 389 3473 588 3545; x_wconf 78' lang='lat' dir='ltr'><strong>regni;</strong></span> <span class='ocrx_word' id='word_1_223' title='bbox 635 3474 732 3526; x_wconf 90' lang='lat' dir='ltr'><strong>sed</strong></span> <span class='ocrx_word' id='word_1_224' title='bbox 777 3473 940 3527; x_wconf 83' lang='lat' dir='ltr'><strong>etiam</strong></span> <span class='ocrx_word' id='word_1_225' title='bbox 989 3472 1212 3534; x_wconf 89' lang='lat' dir='ltr'><strong>tuendo,</strong></span> <span class='ocrx_word' id='word_1_226' title='bbox 1255 3480 1312 3526; x_wconf 90' lang='lat' dir='ltr'><strong>et</strong></span> <span class='ocrx_word' id='word_1_227' title='bbox 1348 3471 1658 3525; x_wconf 83' lang='lat' dir='ltr'><strong>extollendo</strong></span> <span class='ocrx_word' id='word_1_228' title='bbox 1707 3469 1975 3525; x_wconf 67' lang='lat' dir='ltr'><strong>Romane</strong></span> <span class='ocrx_word' id='word_1_229' title='bbox 2025 3471 2331 3542; x_wconf 77' lang='lat' dir='ltr'><strong>Synagogae</strong></span> <span class='ocrx_word' id='word_1_230' title='bbox 2366 3474 2778 3543; x_wconf 82' lang='lat' dir='ltr'><strong>superstitiones</strong></span> 
     </span>
     <span class='ocr_line' id='line_1_28' title="bbox 391 3539 2775 3614; baseline -0 -15"><span class='ocrx_word' id='word_1_231' title='bbox 391 3545 582 3599; x_wconf 88' lang='lat' dir='ltr'><strong>eodem</strong></span> <span class='ocrx_word' id='word_1_232' title='bbox 605 3544 770 3598; x_wconf 82' lang='lat' dir='ltr'><strong>etiam</strong></span> <span class='ocrx_word' id='word_1_233' title='bbox 794 3543 1134 3614; x_wconf 86' lang='lat' dir='ltr'><strong>parlamento</strong></span> <span class='ocrx_word' id='word_1_234' title='bbox 1157 3543 1456 3596; x_wconf 82' lang='lat' dir='ltr'><strong>damnatas.</strong></span> <span class='ocrx_word' id='word_1_235' title='bbox 1535 3539 1662 3606; x_wconf 62' lang='lat' dir='ltr'><strong>Qua</strong></span> <span class='ocrx_word' id='word_1_236' title='bbox 1684 3542 1903 3613; x_wconf 85' lang='lat' dir='ltr'><strong>quidem</strong></span> <span class='ocrx_word' id='word_1_237' title='bbox 1938 3539 1995 3594; x_wconf 87' lang='lat' dir='ltr'><strong>in</strong></span> <span class='ocrx_word' id='word_1_238' title='bbox 2018 3557 2081 3595; x_wconf 89' lang='lat' dir='ltr'><strong>re</strong></span> <span class='ocrx_word' id='word_1_239' title='bbox 2105 3541 2174 3597; x_wconf 70' lang='lat' dir='ltr'><strong>eo</strong></span> <span class='ocrx_word' id='word_1_240' title='bbox 2198 3545 2571 3607; x_wconf 66' lang='lat' dir='ltr'><strong>contumacias,</strong></span> <span class='ocrx_word' id='word_1_241' title='bbox 2596 3552 2653 3598; x_wconf 90' lang='lat' dir='ltr'><strong>et</strong></span> <span class='ocrx_word' id='word_1_242' title='bbox 2675 3545 2775 3598; x_wconf 88' lang='lat' dir='ltr'><strong>im-</strong></span> 
     </span>
     <span class='ocr_line' id='line_1_29' title="bbox 389 3612 2774 3685; baseline 0.001 -16"><span class='ocrx_word' id='word_1_243' title='bbox 389 3615 779 3670; x_wconf 68' lang='lat' dir='ltr'><strong>moderationis</strong></span> <span class='ocrx_word' id='word_1_244' title='bbox 801 3630 1115 3685; x_wconf 83' lang='lat' dir='ltr'><strong>processum</strong></span> <span class='ocrx_word' id='word_1_245' title='bbox 1139 3621 1242 3677; x_wconf 90' lang='lat' dir='ltr'><strong>est,</strong></span> <span class='ocrx_word' id='word_1_246' title='bbox 1263 3620 1330 3666; x_wconf 90' lang='lat' dir='ltr'><strong>ut</strong></span> <span class='ocrx_word' id='word_1_247' title='bbox 1351 3620 1537 3667; x_wconf 85' lang='lat' dir='ltr'><strong>noster</strong></span> <span class='ocrx_word' id='word_1_248' title='bbox 1559 3612 1684 3667; x_wconf 85' lang='lat' dir='ltr'><strong>istic</strong></span> <span class='ocrx_word' id='word_1_249' title='bbox 1708 3628 1931 3682; x_wconf 86' lang='lat' dir='ltr'><strong>prorex,</strong></span> <span class='ocrx_word' id='word_1_250' title='bbox 1956 3618 2013 3665; x_wconf 90' lang='lat' dir='ltr'><strong>et</strong></span> <span class='ocrx_word' id='word_1_251' title='bbox 2034 3613 2337 3684; x_wconf 85' lang='lat' dir='ltr'><strong>imperator</strong></span> <span class='ocrx_word' id='word_1_252' title='bbox 2359 3613 2529 3668; x_wconf 86' lang='lat' dir='ltr'><strong>fuerit</strong></span> <span class='ocrx_word' id='word_1_253' title='bbox 2553 3623 2774 3670; x_wconf 84' lang='lat' dir='ltr'><strong>coactus</strong></span> 
     </span>
     <span class='ocr_line' id='line_1_30' title="bbox 390 3683 2776 3756; baseline 0 -16"><span class='ocrx_word' id='word_1_254' title='bbox 390 3703 516 3740; x_wconf 89' lang='lat' dir='ltr'><strong>cum</strong></span> <span class='ocrx_word' id='word_1_255' title='bbox 539 3686 786 3740; x_wconf 86' lang='lat' dir='ltr'><strong>exercitu</strong></span> <span class='ocrx_word' id='word_1_256' title='bbox 806 3693 996 3739; x_wconf 86' lang='lat' dir='ltr'><strong>nostro</strong></span> <span class='ocrx_word' id='word_1_257' title='bbox 1018 3683 1202 3738; x_wconf 85' lang='lat' dir='ltr'><strong>facere</strong></span> <span class='ocrx_word' id='word_1_258' title='bbox 1223 3683 1640 3755; x_wconf 86' lang='lat' dir='ltr'><strong>expeditionem,</strong></span> <span class='ocrx_word' id='word_1_259' title='bbox 1659 3691 1725 3737; x_wconf 90' lang='lat' dir='ltr'><strong>ut</strong></span> <span class='ocrx_word' id='word_1_260' title='bbox 1741 3683 1941 3737; x_wconf 87' lang='lat' dir='ltr'><strong>horum</strong></span> <span class='ocrx_word' id='word_1_261' title='bbox 1962 3683 2257 3737; x_wconf 85' lang='lat' dir='ltr'><strong>temeraria</strong></span> <span class='ocrx_word' id='word_1_262' title='bbox 2278 3701 2411 3738; x_wconf 87' lang='lat' dir='ltr'><strong>ausa</strong></span> <span class='ocrx_word' id='word_1_263' title='bbox 2431 3687 2776 3756; x_wconf 80' lang='lat' dir='ltr'><strong>reprimeret,</strong></span> 
     </span>
     <span class='ocr_line' id='line_1_31' title="bbox 390 3752 2775 3836; baseline 0 -24"><span class='ocrx_word' id='word_1_264' title='bbox 390 3757 606 3812; x_wconf 86' lang='lat' dir='ltr'><strong>eosdem</strong></span> <span class='ocrx_word' id='word_1_265' title='bbox 645 3774 716 3810; x_wconf 87' lang='lat' dir='ltr'><strong>ue</strong></span> <span class='ocrx_word' id='word_1_266' title='bbox 737 3757 1058 3811; x_wconf 88' lang='lat' dir='ltr'><strong>restitueret</strong></span> <span class='ocrx_word' id='word_1_267' title='bbox 1098 3755 1170 3810; x_wconf 84' lang='lat' dir='ltr'><strong>ad</strong></span> <span class='ocrx_word' id='word_1_268' title='bbox 1205 3753 1566 3828; x_wconf 83' lang='lat' dir='ltr'><strong>obedientiam</strong></span> <span class='ocrx_word' id='word_1_269' title='bbox 1607 3762 1800 3808; x_wconf 84' lang='lat' dir='ltr'><strong>nostro</strong></span> <span class='ocrx_word' id='word_1_270' title='bbox 1824 3753 2053 3836; x_wconf 88' lang='lat' dir='ltr'><strong>imperio</strong></span> <span class='ocrx_word' id='word_1_271' title='bbox 2078 3752 2333 3810; x_wconf 77' lang='lat' dir='ltr'><strong>debitam.</strong></span> <span class='ocrx_word' id='word_1_272' title='bbox 2404 3755 2775 3812; x_wconf 85' lang='lat' dir='ltr'><strong>Nihilominus</strong></span> 
     </span>
     <span class='ocr_line' id='line_1_32' title="bbox 388 3822 2777 3901; baseline 0 -18"><span class='ocrx_word' id='word_1_273' title='bbox 388 3836 580 3883; x_wconf 84' lang='lat' dir='ltr'><strong>nostra</strong></span> <span class='ocrx_word' id='word_1_274' title='bbox 599 3845 630 3882; x_wconf 90' lang='lat' dir='ltr'><strong>c</strong></span> <span class='ocrx_word' id='word_1_275' title='bbox 653 3827 904 3890; x_wconf 71' lang='lat' dir='ltr'><strong>ementis,</strong></span> <span class='ocrx_word' id='word_1_276' title='bbox 927 3825 1372 3899; x_wconf 72' lang='lat' dir='ltr'><strong>indulgentiaque</strong></span> <span class='ocrx_word' id='word_1_277' title='bbox 1406 3825 1685 3896; x_wconf 85' lang='lat' dir='ltr'><strong>hucusque</strong></span> <span class='ocrx_word' id='word_1_278' title='bbox 1725 3830 1884 3878; x_wconf 84' lang='lat' dir='ltr'><strong>tanta</strong></span> <span class='ocrx_word' id='word_1_279' title='bbox 1905 3841 1961 3877; x_wconf 85' lang='lat' dir='ltr'><strong>m</strong></span> <span class='ocrx_word' id='word_1_280' title='bbox 1987 3841 2078 3878; x_wconf 88' lang='lat' dir='ltr'><strong>eos</strong></span> <span class='ocrx_word' id='word_1_281' title='bbox 2102 3822 2226 3892; x_wconf 84' lang='lat' dir='ltr'><strong>fuit,</strong></span> <span class='ocrx_word' id='word_1_282' title='bbox 2250 3834 2313 3878; x_wconf 87' lang='lat' dir='ltr'><strong>ut</strong></span> <span class='ocrx_word' id='word_1_283' title='bbox 2336 3844 2445 3880; x_wconf 93' lang='lat' dir='ltr'><strong>non</strong></span> <span class='ocrx_word' id='word_1_284' title='bbox 2469 3829 2631 3882; x_wconf 86' lang='lat' dir='ltr'><strong>modo</strong></span> <span class='ocrx_word' id='word_1_285' title='bbox 2658 3829 2777 3901; x_wconf 80' lang='lat' dir='ltr'><strong>dig-</strong></span> 
     </span>
     <span class='ocr_line' id='line_1_33' title="bbox 388 3894 2775 3967; baseline 0 -13"><span class='ocrx_word' id='word_1_286' title='bbox 388 3900 502 3956; x_wconf 83' lang='lat' dir='ltr'><strong>nati</strong></span> <span class='ocrx_word' id='word_1_287' title='bbox 528 3897 792 3953; x_wconf 86' lang='lat' dir='ltr'><strong>fuerimus</strong></span> <span class='ocrx_word' id='word_1_288' title='bbox 815 3899 969 3952; x_wconf 80' lang='lat' dir='ltr'><strong>fictas</strong></span> <span class='ocrx_word' id='word_1_289' title='bbox 994 3914 1185 3951; x_wconf 86' lang='lat' dir='ltr'><strong>eorum</strong></span> <span class='ocrx_word' id='word_1_290' title='bbox 1227 3896 1601 3950; x_wconf 82' lang='lat' dir='ltr'><strong>excusationes</strong></span> <span class='ocrx_word' id='word_1_291' title='bbox 1638 3903 1788 3949; x_wconf 81' lang='lat' dir='ltr'><strong>ratas</strong></span> <span class='ocrx_word' id='word_1_292' title='bbox 1828 3894 2051 3958; x_wconf 82' lang='lat' dir='ltr'><strong>habere,</strong></span> <span class='ocrx_word' id='word_1_293' title='bbox 2076 3904 2420 3967; x_wconf 89' lang='lat' dir='ltr'><strong>contemptus</strong></span> <span class='ocrx_word' id='word_1_294' title='bbox 2444 3900 2775 3964; x_wconf 88' lang='lat' dir='ltr'><strong>condonare,</strong></span> 
     </span>
     <span class='ocr_line' id='line_1_34' title="bbox 387 3965 2774 4042; baseline -0 -16"><span class='ocrx_word' id='word_1_295' title='bbox 387 3970 767 4026; x_wconf 79' lang='lat' dir='ltr'><strong>executionem</strong></span> <span class='ocrx_word' id='word_1_296' title='bbox 803 3987 872 4023; x_wconf 86' lang='lat' dir='ltr'><strong>ue</strong></span> <span class='ocrx_word' id='word_1_297' title='bbox 896 3968 1334 4041; x_wconf 78' lang='lat' dir='ltr'><strong>dignissimorum</strong></span> <span class='ocrx_word' id='word_1_298' title='bbox 1357 3983 1422 4022; x_wconf 87' lang='lat' dir='ltr'><strong>su</strong></span> <span class='ocrx_word' id='word_1_299' title='bbox 1458 3965 1750 4038; x_wconf 81' lang='lat' dir='ltr'><strong>pliciorum</strong></span> <span class='ocrx_word' id='word_1_300' title='bbox 1773 3966 2065 4020; x_wconf 76' lang='lat' dir='ltr'><strong>severitate</strong></span> <span class='ocrx_word' id='word_1_301' title='bbox 2086 3973 2401 4022; x_wconf 83' lang='lat' dir='ltr'><strong>nostrarum</strong></span> <span class='ocrx_word' id='word_1_302' title='bbox 2433 3969 2618 4042; x_wconf 78' lang='lat' dir='ltr'><strong>legum</strong></span> <span class='ocrx_word' id='word_1_303' title='bbox 2641 3988 2774 4025; x_wconf 89' lang='lat' dir='ltr'><strong>con-</strong></span> 
     </span>
     <span class='ocr_line' id='line_1_35' title="bbox 388 3986 2779 4122; baseline -0 -24"><span class='ocrx_word' id='word_1_304' title='bbox 388 4041 712 4098; x_wconf 87' lang='lat' dir='ltr'><strong>stitutorum</strong></span> <span class='ocrx_word' id='word_1_305' title='bbox 734 3986 843 4094; x_wconf 62' lang='lat' dir='ltr'><strong>iffis</strong></span> <span class='ocrx_word' id='word_1_306' title='bbox 877 4040 1196 4106; x_wconf 76' lang='lat' dir='ltr'><strong>remittere3</strong></span> <span class='ocrx_word' id='word_1_307' title='bbox 1233 4039 1329 4092; x_wconf 86' lang='lat' dir='ltr'><strong>sed</strong></span> <span class='ocrx_word' id='word_1_308' title='bbox 1459 4055 1530 4092; x_wconf 91' lang='lat' dir='ltr'><strong>uc</strong></span> <span class='ocrx_word' id='word_1_309' title='bbox 1569 4045 1772 4092; x_wconf 70' lang='lat' dir='ltr'><strong>nostrae</strong></span> <span class='ocrx_word' id='word_1_310' title='bbox 1796 4055 1931 4109; x_wconf 82' lang='lat' dir='ltr'><strong>erga</strong></span> <span class='ocrx_word' id='word_1_311' title='bbox 1970 4053 2062 4091; x_wconf 88' lang='lat' dir='ltr'><strong>eos</strong></span> <span class='ocrx_word' id='word_1_312' title='bbox 2098 4039 2520 4122; x_wconf 68' lang='lat' dir='ltr'><strong>aequanimitatis</strong></span> <span class='ocrx_word' id='word_1_313' title='bbox 2562 4041 2779 4097; x_wconf 88' lang='lat' dir='ltr'><strong>uberio-</strong></span> 
     </span>
     <span class='ocr_line' id='line_1_36' title="bbox 386 4107 2775 4195; baseline -0 -27"><span class='ocrx_word' id='word_1_314' title='bbox 386 4131 504 4169; x_wconf 87' lang='lat' dir='ltr'><strong>rem</strong></span> <span class='ocrx_word' id='word_1_315' title='bbox 527 4111 978 4184; x_wconf 77' lang='lat' dir='ltr'><strong>significationem</strong></span> <span class='ocrx_word' id='word_1_316' title='bbox 998 4110 1262 4183; x_wconf 67' lang='lat' dir='ltr'><strong>prebere,</strong></span> <span class='ocrx_word' id='word_1_317' title='bbox 1285 4109 1473 4163; x_wconf 87' lang='lat' dir='ltr'><strong>multis</strong></span> <span class='ocrx_word' id='word_1_318' title='bbox 1513 4108 1759 4172; x_wconf 83' lang='lat' dir='ltr'><strong>urbibus,</strong></span> <span class='ocrx_word' id='word_1_319' title='bbox 1795 4117 1854 4162; x_wconf 90' lang='lat' dir='ltr'><strong>et</strong></span> <span class='ocrx_word' id='word_1_320' title='bbox 1888 4107 2099 4192; x_wconf 73' lang='lat' dir='ltr'><strong>oppidis</strong></span> <span class='ocrx_word' id='word_1_321' title='bbox 2124 4109 2437 4180; x_wconf 72' lang='lat' dir='ltr'><strong>diplomata,</strong></span> <span class='ocrx_word' id='word_1_322' title='bbox 2460 4112 2775 4195; x_wconf 81' lang='lat' dir='ltr'><strong>privilegia-</strong></span> 
     </span>
     <span class='ocr_line' id='line_1_37' title="bbox 386 4179 2775 4270; baseline 0.001 -33"><span class='ocrx_word' id='word_1_323' title='bbox 386 4203 492 4270; x_wconf 70' lang='lat' dir='ltr'><strong>que</strong></span> <span class='ocrx_word' id='word_1_324' title='bbox 517 4182 896 4239; x_wconf 87' lang='lat' dir='ltr'><strong>coroborando</strong></span> <span class='ocrx_word' id='word_1_325' title='bbox 938 4199 1064 4235; x_wconf 89' lang='lat' dir='ltr'><strong>cum</strong></span> <span class='ocrx_word' id='word_1_326' title='bbox 1102 4179 1320 4236; x_wconf 90' lang='lat' dir='ltr'><strong>cumulo</strong></span> <span class='ocrx_word' id='word_1_327' title='bbox 1352 4179 1652 4234; x_wconf 85' lang='lat' dir='ltr'><strong>multarum</strong></span> <span class='ocrx_word' id='word_1_328' title='bbox 1694 4180 2120 4245; x_wconf 75' lang='lat' dir='ltr'><strong>immunitatum,</strong></span> <span class='ocrx_word' id='word_1_329' title='bbox 2159 4189 2216 4233; x_wconf 86' lang='lat' dir='ltr'><strong>et</strong></span> <span class='ocrx_word' id='word_1_330' title='bbox 2248 4199 2399 4235; x_wconf 82' lang='lat' dir='ltr'><strong>exem</strong></span> <span class='ocrx_word' id='word_1_331' title='bbox 2440 4189 2671 4246; x_wconf 72' lang='lat' dir='ltr'><strong>tionum,</strong></span> <span class='ocrx_word' id='word_1_332' title='bbox 2708 4193 2775 4240; x_wconf 87' lang='lat' dir='ltr'><strong>ut</strong></span> 
     </span>
     <span class='ocr_line' id='line_1_38' title="bbox 381 4250 2775 4336; baseline -0.003 -25"><span class='ocrx_word' id='word_1_333' title='bbox 381 4256 547 4311; x_wconf 76' lang='lat' dir='ltr'><strong>iidem</strong></span> <span class='ocrx_word' id='word_1_334' title='bbox 570 4253 674 4326; x_wconf 91' lang='lat' dir='ltr'><strong>ipsi</strong></span> <span class='ocrx_word' id='word_1_335' title='bbox 697 4252 978 4324; x_wconf 81' lang='lat' dir='ltr'><strong>optabant,</strong></span> <span class='ocrx_word' id='word_1_336' title='bbox 1016 4252 1228 4325; x_wconf 85' lang='lat' dir='ltr'><strong>quoties</strong></span> <span class='ocrx_word' id='word_1_337' title='bbox 1251 4252 1311 4306; x_wconf 89' lang='lat' dir='ltr'><strong>id</strong></span> <span class='ocrx_word' id='word_1_338' title='bbox 1329 4269 1431 4306; x_wconf 88' lang='lat' dir='ltr'><strong>nos</strong></span> <span class='ocrx_word' id='word_1_339' title='bbox 1455 4251 1786 4336; x_wconf 79' lang='lat' dir='ltr'><strong>supplicibus</strong></span> <span class='ocrx_word' id='word_1_340' title='bbox 1809 4250 2008 4305; x_wconf 87' lang='lat' dir='ltr'><strong>libellis</strong></span> <span class='ocrx_word' id='word_1_341' title='bbox 2031 4259 2318 4323; x_wconf 78' lang='lat' dir='ltr'><strong>rogarunt.</strong></span> <span class='ocrx_word' id='word_1_342' title='bbox 2430 4271 2516 4308; x_wconf 84' lang='lat' dir='ltr'><strong>am</strong></span> <span class='ocrx_word' id='word_1_343' title='bbox 2554 4272 2623 4308; x_wconf 92' lang='lat' dir='ltr'><strong>ue</strong></span> <span class='ocrx_word' id='word_1_344' title='bbox 2645 4272 2775 4326; x_wconf 85' lang='lat' dir='ltr'><strong>per..</strong></span> 
     </span>
     <span class='ocr_line' id='line_1_39' title="bbox 383 4320 2771 4397; baseline -0 -16"><span class='ocrx_word' id='word_1_345' title='bbox 383 4343 602 4382; x_wconf 81' lang='lat' dir='ltr'><strong>suasum</strong></span> <span class='ocrx_word' id='word_1_346' title='bbox 627 4325 914 4380; x_wconf 85' lang='lat' dir='ltr'><strong>habuimus</strong></span> <span class='ocrx_word' id='word_1_347' title='bbox 937 4323 1106 4378; x_wconf 84' lang='lat' dir='ltr'><strong>tantis</strong></span> <span class='ocrx_word' id='word_1_348' title='bbox 1128 4323 1329 4378; x_wconf 85' lang='lat' dir='ltr'><strong>nostris</strong></span> <span class='ocrx_word' id='word_1_349' title='bbox 1351 4323 1626 4378; x_wconf 77' lang='lat' dir='ltr'><strong>beneflciis</strong></span> <span class='ocrx_word' id='word_1_350' title='bbox 1649 4339 1742 4377; x_wconf 86' lang='lat' dir='ltr'><strong>eos</strong></span> <span class='ocrx_word' id='word_1_351' title='bbox 1783 4321 2203 4394; x_wconf 79' lang='lat' dir='ltr'><strong>obstringendos</strong></span> <span class='ocrx_word' id='word_1_352' title='bbox 2225 4320 2406 4388; x_wconf 81' lang='lat' dir='ltr'><strong>fuisse,</strong></span> <span class='ocrx_word' id='word_1_353' title='bbox 2430 4332 2494 4379; x_wconf 89' lang='lat' dir='ltr'><strong>ut</strong></span> <span class='ocrx_word' id='word_1_354' title='bbox 2556 4325 2771 4397; x_wconf 85' lang='lat' dir='ltr'><strong>einceps</strong></span> 
     </span>
     <span class='ocr_line' id='line_1_40' title="bbox 383 4393 2771 4469; baseline -0 -17"><span class='ocrx_word' id='word_1_355' title='bbox 383 4395 721 4452; x_wconf 84' lang='lat' dir='ltr'><strong>observando</strong></span> <span class='ocrx_word' id='word_1_356' title='bbox 745 4403 962 4450; x_wconf 87' lang='lat' dir='ltr'><strong>nostras</strong></span> <span class='ocrx_word' id='word_1_357' title='bbox 983 4396 1152 4467; x_wconf 76' lang='lat' dir='ltr'><strong>leges,</strong></span> <span class='ocrx_word' id='word_1_358' title='bbox 1175 4402 1234 4449; x_wconf 88' lang='lat' dir='ltr'><strong>et</strong></span> <span class='ocrx_word' id='word_1_359' title='bbox 1254 4393 1798 4455; x_wconf 69' lang='lat' dir='ltr'><strong>administrationem,</strong></span> <span class='ocrx_word' id='word_1_360' title='bbox 1824 4399 2156 4446; x_wconf 72' lang='lat' dir='ltr'><strong>conarentur</strong></span> <span class='ocrx_word' id='word_1_361' title='bbox 2182 4393 2469 4448; x_wconf 84' lang='lat' dir='ltr'><strong>ostendere</strong></span> <span class='ocrx_word' id='word_1_362' title='bbox 2494 4411 2551 4450; x_wconf 90' lang='lat' dir='ltr'><strong>se</strong></span> <span class='ocrx_word' id='word_1_363' title='bbox 2576 4396 2771 4469; x_wconf 80' lang='lat' dir='ltr'><strong>dignos</strong></span> 
     </span>
     <span class='ocr_line' id='line_1_41' title="bbox 381 4463 2769 4540; baseline 0 -17"><span class='ocrx_word' id='word_1_364' title='bbox 381 4469 616 4540; x_wconf 88' lang='lat' dir='ltr'><strong>receptis</strong></span> <span class='ocrx_word' id='word_1_365' title='bbox 639 4467 814 4530; x_wconf 90' lang='lat' dir='ltr'><strong>donis,</strong></span> <span class='ocrx_word' id='word_1_366' title='bbox 835 4474 903 4521; x_wconf 83' lang='lat' dir='ltr'><strong>ut</strong></span> <span class='ocrx_word' id='word_1_367' title='bbox 924 4464 1190 4522; x_wconf 85' lang='lat' dir='ltr'><strong>memoria</strong></span> <span class='ocrx_word' id='word_1_368' title='bbox 1209 4465 1324 4520; x_wconf 86' lang='lat' dir='ltr'><strong>indi</strong></span> <span class='ocrx_word' id='word_1_369' title='bbox 1433 4465 1598 4519; x_wconf 88' lang='lat' dir='ltr'><strong>tionis</strong></span> <span class='ocrx_word' id='word_1_370' title='bbox 1620 4472 1821 4519; x_wconf 64' lang='lat' dir='ltr'><strong>nostras</strong></span> <span class='ocrx_word' id='word_1_371' title='bbox 1843 4463 1901 4517; x_wconf 90' lang='lat' dir='ltr'><strong>in</strong></span> <span class='ocrx_word' id='word_1_372' title='bbox 1924 4480 2017 4518; x_wconf 87' lang='lat' dir='ltr'><strong>eos</strong></span> <span class='ocrx_word' id='word_1_373' title='bbox 2032 4463 2347 4533; x_wconf 68' lang='lat' dir='ltr'><strong>justissime</strong></span> <span class='ocrx_word' id='word_1_374' title='bbox 2365 4465 2769 4524; x_wconf 86' lang='lat' dir='ltr'><strong>obliteraretur.</strong></span> 
     </span>
     <span class='ocr_line' id='line_1_42' title="bbox 385 4531 2769 4610; baseline 0.002 -21"><span class='ocrx_word' id='word_1_375' title='bbox 385 4537 878 4594; x_wconf 69' lang='lat' dir='ltr'><strong>verumenimverd</strong></span> <span class='ocrx_word' id='word_1_376' title='bbox 901 4535 1236 4610; x_wconf 63' lang='lat' dir='ltr'><strong>experientia</strong></span> <span class='ocrx_word' id='word_1_377' title='bbox 1257 4555 1330 4590; x_wconf 92' lang='lat' dir='ltr'><strong>no</strong></span> <span class='ocrx_word' id='word_1_378' title='bbox 1369 4537 1414 4590; x_wconf 90' lang='lat' dir='ltr'><strong>is</strong></span> <span class='ocrx_word' id='word_1_379' title='bbox 1449 4543 1789 4608; x_wconf 87' lang='lat' dir='ltr'><strong>compertum</strong></span> <span class='ocrx_word' id='word_1_380' title='bbox 1815 4541 1917 4600; x_wconf 90' lang='lat' dir='ltr'><strong>est,</strong></span> <span class='ocrx_word' id='word_1_381' title='bbox 1937 4533 2089 4588; x_wconf 82' lang='lat' dir='ltr'><strong>suavi</strong></span> <span class='ocrx_word' id='word_1_382' title='bbox 2112 4531 2209 4588; x_wconf 66' lang='lat' dir='ltr'><strong>illa</strong></span> <span class='ocrx_word' id='word_1_383' title='bbox 2230 4537 2455 4607; x_wconf 85' lang='lat' dir='ltr'><strong>mitique</strong></span> <span class='ocrx_word' id='word_1_384' title='bbox 2480 4537 2769 4595; x_wconf 69' lang='lat' dir='ltr'><strong>clementia</strong></span> 
     </span>
     <span class='ocr_line' id='line_1_43' title="bbox 385 4605 2766 4682; baseline 0.001 -19"><span class='ocrx_word' id='word_1_385' title='bbox 385 4608 589 4672; x_wconf 57' lang='lat' dir='ltr'><strong>nostre,</strong></span> <span class='ocrx_word' id='word_1_386' title='bbox 632 4627 741 4682; x_wconf 85' lang='lat' dir='ltr'><strong>qua</strong></span> <span class='ocrx_word' id='word_1_387' title='bbox 780 4609 887 4663; x_wconf 90' lang='lat' dir='ltr'><strong>illis</strong></span> <span class='ocrx_word' id='word_1_388' title='bbox 924 4610 1188 4664; x_wconf 83' lang='lat' dir='ltr'><strong>hactenus</strong></span> <span class='ocrx_word' id='word_1_389' title='bbox 1235 4607 1577 4672; x_wconf 86' lang='lat' dir='ltr'><strong>indulsimus,</strong></span> <span class='ocrx_word' id='word_1_390' title='bbox 1609 4607 1670 4660; x_wconf 89' lang='lat' dir='ltr'><strong>id</strong></span> <span class='ocrx_word' id='word_1_391' title='bbox 1707 4605 1961 4660; x_wconf 78' lang='lat' dir='ltr'><strong>effectum</strong></span> <span class='ocrx_word' id='word_1_392' title='bbox 1988 4621 2121 4672; x_wconf 86' lang='lat' dir='ltr'><strong>esse,</strong></span> <span class='ocrx_word' id='word_1_393' title='bbox 2164 4615 2229 4659; x_wconf 84' lang='lat' dir='ltr'><strong>ut</strong></span> <span class='ocrx_word' id='word_1_394' title='bbox 2268 4609 2475 4679; x_wconf 83' lang='lat' dir='ltr'><strong>regiam</strong></span> <span class='ocrx_word' id='word_1_395' title='bbox 2522 4619 2766 4665; x_wconf 82' lang='lat' dir='ltr'><strong>nostram</strong></span> 
     </span>
     <span class='ocr_line' id='line_1_44' title="bbox 385 4676 2779 4753; baseline 0.002 -19"><span class='ocrx_word' id='word_1_396' title='bbox 385 4680 768 4735; x_wconf 82' lang='lat' dir='ltr'><strong>auctoritatem</strong></span> <span class='ocrx_word' id='word_1_397' title='bbox 800 4679 1124 4753; x_wconf 85' lang='lat' dir='ltr'><strong>spreverint,</strong></span> <span class='ocrx_word' id='word_1_398' title='bbox 1150 4679 1424 4752; x_wconf 87' lang='lat' dir='ltr'><strong>plerisque</strong></span> <span class='ocrx_word' id='word_1_399' title='bbox 1445 4677 1684 4741; x_wconf 86' lang='lat' dir='ltr'><strong>urbium,</strong></span> <span class='ocrx_word' id='word_1_400' title='bbox 1707 4685 1764 4732; x_wconf 85' lang='lat' dir='ltr'><strong>et</strong></span> <span class='ocrx_word' id='word_1_401' title='bbox 1806 4676 2133 4749; x_wconf 88' lang='lat' dir='ltr'><strong>oppidorum</strong></span> <span class='ocrx_word' id='word_1_402' title='bbox 2166 4676 2291 4732; x_wconf 84' lang='lat' dir='ltr'><strong>istic</strong></span> <span class='ocrx_word' id='word_1_403' title='bbox 2310 4681 2636 4751; x_wconf 74' lang='lat' dir='ltr'><strong>praetoribus</strong></span> <span class='ocrx_word' id='word_1_404' title='bbox 2671 4683 2779 4738; x_wconf 87' lang='lat' dir='ltr'><strong>ob-.</strong></span> 
     </span>
    </p>
   </div>
   <div class='ocr_carea' id='block_1_9' title="bbox 456 4801 2547 4878">
    <p class='ocr_par' dir='ltr' id='par_1_9' title="bbox 456 4801 2547 4878">
     <span class='ocr_line' id='line_1_45' title="bbox 456 4801 2547 4878; baseline 0.001 -20"><span class='ocrx_word' id='word_1_405' title='bbox 456 4805 482 4831; x_wconf 77' lang='lat'>⁸</span> <span class='ocrx_word' id='word_1_406' title='bbox 517 4803 633 4859; x_wconf 76' lang='lat' dir='ltr'><strong>For</strong></span> <span class='ocrx_word' id='word_1_407' title='bbox 661 4803 940 4878; x_wconf 74' lang='lat' dir='ltr'><strong>Mooney&#39;s</strong></span> <span class='ocrx_word' id='word_1_408' title='bbox 964 4805 1179 4861; x_wconf 82' lang='lat' dir='ltr'><strong>version</strong></span> <span class='ocrx_word' id='word_1_409' title='bbox 1203 4801 1270 4859; x_wconf 77' lang='lat' dir='ltr'><strong>of</strong></span> <span class='ocrx_word' id='word_1_410' title='bbox 1283 4821 1432 4858; x_wconf 83' lang='lat' dir='ltr'><strong>some</strong></span> <span class='ocrx_word' id='word_1_411' title='bbox 1455 4801 1614 4870; x_wconf 77' lang='lat' dir='ltr'><strong>facts,</strong></span> <span class='ocrx_word' id='word_1_412' title='bbox 1639 4801 1694 4856; x_wconf 86' lang='lat' dir='ltr'><strong>in</strong></span> <span class='ocrx_word' id='word_1_413' title='bbox 1721 4801 1829 4857; x_wconf 87' lang='lat' dir='ltr'><strong>this</strong></span> <span class='ocrx_word' id='word_1_414' title='bbox 1855 4801 2099 4874; x_wconf 80' lang='lat' dir='ltr'><strong>chapter,</strong></span> <span class='ocrx_word' id='word_1_415' title='bbox 2124 4812 2215 4857; x_wconf 80' lang='lat' dir='ltr'><strong>se&#39;e</strong></span> <span class='ocrx_word' id='word_1_416' title='bbox 2240 4803 2547 4876; x_wconf 78' lang='lat' dir='ltr'><strong>Appendix.</strong></span> 
     </span>
    </p>
   </div>
  </div>
 </body>
</html>
