3634 5842
402 727 540 772 cu.
573 707 667 791 v.]
898 727 981 772 nt.
1012 726 1309 777 Quaruon
1338 726 1560 772 Parius
1590 726 2080 772 Pnusncimoms
2111 725 2394 772 punem.
2655 705 2780 771 273

398 877 673 944 Genuae*
724 878 1081 965 Hispaniam
1121 885 1353 966 petens.
1438 877 1659 946 Dalrus
1707 879 1872 958 baro,
1904 879 2008 966 qui
2057 878 2207 944 nihil
2254 877 2484 944 adversi
2517 876 2781 957 timebat,

396 964 586 1030 donec
614 965 885 1032 fueritin
912 988 1223 1046 carcerem,
1240 971 1303 1032 et
1316 966 1556 1034 vincula
1576 967 1897 1053 conjectus,
1923 987 2152 1031 summa
2181 963 2525 1030 difficultate
2553 963 2778 1049 effugit,

396 1073 761 1152 magnosque
785 1051 1017 1153 labores
1042 1053 1291 1140 pertulit
1306 1053 1649 1140 priusquam
1666 1053 2130 1119 incolumitatem
2153 1053 2270 1118 fuit
2289 1051 2398 1117 ade
2441 1057 2538 1116 tus
2565 1051 2782 1150 partim

398 1137 2782 1324 ffiffiffisss'ssmffssffloegffiufflnffimwffiffimfflffi
2881 1205 2888 1211 ·

398 1312 731 1397 conjicitur.
778 1313 1146 1380 O'Kahanus
1173 1319 1417 1380 vocatus
1444 1315 1510 1381 in
1532 1313 1824 1400 judicium
1854 1336 1917 1379 se
1944 1313 2178 1378 distulit
2205 1313 2427 1391 sistere,
2455 1312 2678 1378 veritus
2694 1309 2776 1388 1d,

398 1396 562 1484 quod
590 1405 733 1478 erat,
762 1423 841 1466 ne
860 1401 1063 1466 eadem
1088 1422 1229 1466 cum
1256 1400 1550 1467 Cormako
1577 1423 1753 1488 poeua
1779 1401 2152 1487 plecteretur.
2234 1398 2432 1471 Quem
2457 1397 2646 1484 Angli
2673 1397 2780 1462 diu

396 1507 469 1550 ca
542 1507 607 1550 re
621 1486 841 1552 frustra
866 1487 1203 1554 laborantes
1226 1488 1293 1553 in
1342 1511 1481 1554 suas
1528 1495 1683 1555 artes
1725 1493 2058 1554 vertuntur.
2145 1487 2295 1552 Erat
2335 1507 2513 1571 eques
2541 1483 2779 1570 Anglus

362 1635 371 1642 .
400 1569 475 1635 O'
622 1574 721 1638 ani
750 1596 881 1639 com
924 1581 1049 1640 ater
1076 1595 1253 1659 quem
1303 1574 1671 1640 O'Kahanus
1700 1574 1896 1661 gentis
1923 1595 2048 1638 suae
2076 1595 2238 1639 more
2265 1571 2630 1657 spiritualem
2657 1571 2780 1635 affi-

398 1658 649 1724 nitatem
673 1660 897 1727 incredi
937 1661 1005 1726 ili
1032 1659 1421 1742 observantia,
1452 1669 1515 1728 et
1541 1661 1765 1728 honore
1786 1661 2054 1740 colentis,
2083 1660 2287 1745 magni
2311 1657 2582 1738 faciebat,
2609 1656 2782 1723 valde

398 1743 702 1830 diligebat,
733 1752 795 1812 et
836 1746 1133 1814 beneficiis
1178 1746 1444 1828 ornabat,
1490 1747 1799 1834 eidemque
1834 1747 2158 1836 plurimum
2183 1744 2550 1812 confidebat:
2596 1756 2656 1809 et
2695 1744 2782 1810 ita

398 1831 475 1897 ad
502 1854 729 1899 caenam
756 1832 830 1899 ab
858 1857 931 1900 eo
966 1834 1253 1900 invitatus
1298 1857 1423 1901 non
1468 1834 1781 1916 dubitavit,
1821 1857 1955 1901 com
1999 1835 2140 1899 atris
2176 1832 2315 1899 fidei
2356 1854 2482 1898 sese
2509 1831 2778 1897 commit-

396 1924 540 1983 tere.
580 1920 819 2005 Anglus
841 1945 917 1987 ne
936 1921 1114 1986 nauci
1132 1921 1373 2006 quidem
1400 1923 1704 1988 oestimans
1733 1930 1924 1988 totam
2002 1920 2342 1986 hristianam
2370 1918 2732 2005 religionem,
2743 1918 2771 2001 ΙΙ
2802 1920 2984 1989 [210]

400 2005 620 2071 nedum
648 2008 1011 2092 spiritualem
1028 2010 1462 2092 cognationem,
1484 2009 1810 2094 inquirenti
1824 2007 2160 2094 Anglorum
2186 2005 2491 2093 manipulo
2519 2027 2592 2071 ex
2621 2026 2782 2070 com-

398 2092 1022 2245 Ροειᾷᾟβᾞεὼαῃιιω
1050 2093 1313 2162 tradidit.
1382 2095 1507 2167 Qui
1536 2096 1810 2162 demens
1837 2101 1930 2162 est
1955 2095 2022 2160 in
2049 2093 2294 2160 eandem
2321 2115 2462 2160 cum
2489 2091 2782 2158 Cormako

402 2201 507 2244 cus
615 2202 749 2245 iam.

1447 2413 1629 2480 CAP.
1674 2414 1753 2478 V.

1304 2593 1671 2648 O'Dochartoe
1694 2601 1894 2648 motus.

403 2745 701 2810 cremnos
728 2743 1044 2832 optimates
1070 2743 1465 2812 labefactandi
1493 2746 1694 2832 cupidi
1714 2745 2137 2825 Protestantes,
2155 2745 2376 2813 multos
2396 2751 2786 2832 contumeliis,

404 2829 757 2931 opprobriis,
790 2838 852 2898 et
876 2833 1129 2918 inijuriis
1158 2833 1441 2899 afficiunt.
1514 2832 1844 2898 Cathirium
1873 2831 2313 2898 O'Dochartam
2340 2834 2602 2902 Inisonae
2628 2839 2788 2924 prin-

405 2939 617 3004 clpem,
649 2919 723 2984 de
754 2941 872 3004 quo
901 2942 971 2984 su
1050 2920 1171 2985 rius
1231 2919 1592 2985 mentionem
1621 2919 1888 2998 fecimus,
1917 2917 2269 3004 vigesimum
2297 2921 2526 2988 circiter
2567 2945 2790 2990 annum

406 3012 700 3091 agentem,
721 3005 885 3092 quod
904 3005 1013 3072 O'l
1050 3005 1149 3072 elli
1169 3007 1329 3092 fugae
1359 3006 1537 3072 fuerit
1565 3005 1855 3084 conscius,
1878 3028 2090 3092 prorex
2117 3007 2334 3094 arguit,
2363 3009 2584 3095 asperis
2611 3017 2791 3162 atque

407 3091 850 3158 contumeliosis
873 3091 1063 3159 verbis
1086 3095 1411 3180 exagitans.
1457 3093 1752 3178 Georgius
1773 3091 2015 3158 Paletus
2031 3092 2186 3159 Luci
2213 3095 2524 3182 praefectus
2550 3097 2696 3184 Aug
2718 3121 2790 3164 us

407 3197 587 3264 eques
636 3181 901 3246 Auratus
951 3181 1232 3246 conviciis
1282 3185 1505 3260 onerat,
1555 3182 1788 3244 minans
1839 3202 1902 3246 se
1951 3181 2268 3261 facturum,
2325 3187 2395 3247 ut
2437 3182 2537 3248 ille
2578 3184 2788 3270 laqueo

406 3266 819 3351 suspendatur.
909 3265 1292 3334 O’Docharta
1318 3274 1465 3333 tunc
1501 3267 1777 3354 injuriam
1807 3265 2216 3347 dissimulavit,
2247 3267 2522 3335 Paletum
2549 3271 2788 3338 armatis

406 3353 689 3438 stipatum
718 3352 919 3419 nudus
946 3354 1237 3420 militibus
1286 3353 1529 3440 aggredi
1576 3376 1701 3419 non
1746 3376 1946 3420 ausus.
2033 3354 2212 3421 Brevi
2238 3363 2439 3422 tamen
2467 3357 2788 3429 vindictam

281 3477 296 3490 -
404 3439 679 3526 sumpsit.
766 3439 860 3505 Eo
890 3439 989 3506 die
1013 3439 1237 3540 oppido
1286 3439 1454 3506 Luco
1506 3461 1776 3540 egressus
1821 3440 2129 3507 clientium
2177 3464 2420 3508 manum
2467 3451 2786 3543 comparat,

404 3545 541 3590 cum
559 3529 679 3612 qua
696 3525 809 3592 sub
831 3526 1200 3612 gallicimum
1215 3547 1503 3604 reversus,
1523 3527 1748 3612 vigiles,
1773 3528 2188 3613 circitoresque
2203 3529 2520 3613 improviso
2540 3553 2790 3596 circum-

406 3618 615 3678 ventos
644 3613 920 3692 trucidat,
965 3613 1259 3693 Paletum,
1290 3620 1350 3678 et
1377 3613 1523 3678 alios
1551 3613 1955 3678 Protestantes
1984 3613 2218 3693 occidit,
2249 3615 2536 3701 oppidum
2566 3617 2788 3705 diripit,

408 3703 471 3763 et
495 3699 799 3764 incendit:
844 3721 1090 3766 uxorem
1138 3698 1637 3798 Pseudoepiscopi
1682 3699 1936 3764 civitatis
1964 3705 2194 3784 captam
2223 3702 2414 3786 pretio
2442 3711 2788 3785 commutat,

406 3784 744 3850 Catholicos
771 3785 1099 3852 incolumes
1126 3785 1204 3852 ad
1232 3807 1421 3850 unum
1450 3785 1716 3852 dimittit.
1804 3784 2164 3850 Guilmorem
2191 3787 2546 3854 maritimam
2574 3813 2787 3871 arcem,

407 3872 670 3957 quinque
697 3893 981 3957 passuum
1030 3871 1213 3938 millia
1262 3872 1600 3951 distantem,
1631 3893 1807 3958 quam
1838 3870 2172 3956 Anglorum
2199 3874 2538 3959 praesidium
2566 3875 2788 3944 duode-

406 3959 523 4022 cim
550 3963 985 4042 tormentorum
1031 3957 1320 4024 machinis
1362 3958 1714 4024 instructam
1763 3956 2091 4038 obtinebat,
2120 3961 2428 4044 repentina
2457 3963 2786 4050 irruptione

406 4043 585 4130 capit,
612 4043 680 4108 in
708 4045 894 4129 eaque
936 4045 1210 4132 praesidio
1256 4044 1542 4112 collocato
1582 4043 1878 4110 Felmium
1905 4044 2046 4111 Mac
2073 4045 2366 4112 Davet-um
2395 4050 2678 4133 praeficit,
2725 4059 2788 4118 et

404 4130 1720 4284 ffiznffitgilffsnpeblgtomffimgxscffitis
1762 4129 1984 4284 bellumilrli
2015 4133 2224 4198 statuit
2251 4133 2465 4200 ducere
2471 4158 2681 4290 uqiqlpie
2708 4135 2786 4204 ad

484 4240 519 4282 v
555 4240 598 4282 n
839 4267 868 4282 i
905 4242 939 4284 e
1002 4269 1023 4298 ,
1194 4240 1307 4284 one
1370 4269 1390 4299 ,
1633 4241 1702 4284 ev
1801 4269 1823 4299 ,
2023 4242 2064 4284 u
2274 4241 2316 4284 u
2761 4275 2784 4305 ,

409 4322 558 4390 quos
588 4327 623 4370 a
664 4303 1015 4370 Christianis
1060 4305 1249 4392 princi
1290 4304 1427 4370 ibus
1474 4241 2022 4392 adjutosanduixilioq
2041 4242 2350 4374 rqffiqop
2387 4243 2789 4394 gerahatlzma

409 4391 699 4479 principio
730 4391 953 4479 Aprilis
980 4393 1123 4476 anni
1150 4328 1445 4458 millesimi
1474 4393 1880 4459 sexcentesimi
1901 4393 2094 4459 octavi
2113 4415 2220 4480 per
2239 4415 2469 4460 menses
2485 4397 2788 4483 quinque†

480 4571 507 4600 ‘
544 4571 613 4626 In
643 4574 800 4635 16⁰8,
822 4571 957 4644 July
980 4571 1346 4644 28—August
1375 4574 1459 4625 12.
1498 4569 1615 4625 For
1638 4571 1734 4625 the
1757 4570 2030 4642 supposed
2053 4569 2391 4642 conspiracy,
2415 4573 2525 4627 and
2547 4573 2704 4648 ssight
2728 4573 2794 4630 of

412 4641 509 4695 the
529 4643 689 4707 θαι-18,
714 4659 803 4697 see
844 4643 1002 4698 Four
1036 4645 1295 4710 Masters,
1334 4642 1443 4697 and
1483 4641 1597 4698 Mr.
1623 4641 2007 4698 O'Donovan’s
2050 4641 2272 4712 copious
2293 4651 2470 4708 notes,
2491 4661 2583 4717 pp.
2609 4649 2786 4702 2352—

414 4713 864 4920 mss⁷bnlyggrom
886 4783 1019 4860 May
1040 4789 1077 4842 8
1100 4792 1161 4842 to
1182 4783 1313 4858 July
1344 4786 1427 4851 18,
1458 4783 1837 4842 1606...stoe
1855 4784 2118 4848 Mauors,
2141 4801 2233 4858 pp.
2259 4787 2592 4842 saal-236³.
