3634 5842
345 737 468 784 on>
513 717 662 802 v11.]
797 737 884 784 ns
929 737 1306 784 wermonon
1353 739 1632 786 uomens
1675 741 1884 792 amun
1930 742 2295 790 numerous.
2649 731 2731 794 43

347 893 668 960 auferatur.
739 890 905 958 Nam
968 891 1180 958 naliter
1207 893 1335 979 ipsa
1381 914 1462 978 qu
1543 915 1617 959 ue
1646 894 1972 960 execranda
1999 895 2239 962 haeresis
2258 896 2536 964 damnata
2578 903 2725 986 est,ss
2753 917 2893 991 [40.]

343 979 528 1046 latere
569 1003 680 1046 vos
706 1001 832 1045 non
860 978 936 1045 de
977 985 1077 1045 et:
1163 981 1262 1045 uia
1301 1001 1425 1045 non
1453 1003 1520 1046 so
1544 1001 1648 1046 um
1668 1003 1776 1068 per
1799 982 1948 1048 istos
1978 982 2267 1050 ducentos
2293 1007 2481 1050 annos
2512 984 2735 1054 abolita

343 1074 456 1147 est,
487 1067 593 1134 sed
621 1073 684 1134 et
711 1065 978 1152 quotidie
1006 1090 1044 1132 a
1061 1088 1141 1132 no
1182 1067 1234 1132 is
1258 1087 1334 1154 pe
1437 1072 1544 1132 tuo
1601 1067 1975 1136 anathemate
2016 1069 2247 1157 sepulta
2275 1070 2625 1140 damnatur:
2672 1081 2733 1140 et

342 1154 652 1221 hortamur
667 1176 746 1219 ne
775 1175 1028 1239 quorum
1049 1175 1210 1220 arma
1228 1174 1361 1220 com
1404 1159 1540 1219 usta
1555 1163 1718 1234 sunt,
1749 1177 1786 1222 a
1831 1155 1916 1222 ud
1964 1178 2074 1222 vos
2101 1179 2306 1224 eorum
2336 1159 2563 1226 cineres
2594 1183 2730 1227 sus-

342 1243 624 1308 citentur.
696 1240 860 1306 Nam
910 1241 1042 1326 quis
1088 1262 1214 1305 non
1254 1246 1559 1306 execretur
1599 1263 1780 1328 super
1823 1265 1926 1308 um
1944 1265 2152 1310 eorum
2194 1266 2499 1325 conamen,
2532 1253 2594 1312 et
2619 1247 2730 1314 im-

340 1330 532 1415 pium,
563 1327 886 1394 dicentium
911 1349 1084 1412 posse
1111 1328 1239 1393 sine
1266 1332 1511 1413 peccato
1553 1327 1857 1395 hominem
1886 1330 2135 1396 existere
2163 1353 2237 1396 ex
2266 1333 2503 1419 propria
2518 1333 2728 1402 volun-

341 1423 488 1496 tate,
518 1421 580 1481 et
605 1437 730 1482 non
774 1437 850 1481 ex
887 1413 1078 1501 gratia
1104 1413 1272 1480 Dei?
1359 1413 1444 1479 Et
1463 1416 1721 1501 primum
1753 1415 1993 1501 quidem
2036 1415 2399 1504 blasphemia
2440 1428 2503 1485 et
2530 1420 2728 1488 stulti-

337 1503 612 1590 loquium
639 1508 729 1568 est
749 1501 958 1580 dicere,
989 1523 1116 1568 eme
1143 1500 1446 1567 hominem
1475 1502 1603 1568 sine
1618 1509 1881 1588 peccato,
1946 1503 2067 1570 uod
2094 1505 2339 1570 omnino
2357 1528 2483 1571 non
2510 1513 2728 1594 potest,

339 1589 460 1656 nisi
513 1611 672 1656 unus
716 1587 1006 1654 mediator
1033 1588 1150 1655 Dei
1179 1595 1242 1654 et
1289 1587 1622 1667 hominum,
1681 1589 1863 1655 homo
1958 1589 2180 1656 hristus
2223 1591 2266 1657 J
2266 1613 2423 1671 esus,
2469 1595 2572 1678 qui
2599 1596 2729 1662 sine

337 1683 582 1764 peccato
637 1682 729 1741 est
785 1681 1108 1762 conceptus
1165 1680 1227 1740 et
1273 1681 1502 1760 partus.
1587 1675 1752 1742 Nam
1793 1677 1993 1743 (πίει-ἰ
2019 1676 2291 1744 homine·
2318 1700 2457 1744 cum
2484 1689 2727 1765 peccato

339 1763 971 1919 ‘'figi-Efflssffiffi’
1000 1762 1963 1937 ffiffissssfflfficssffidffi
1980 1765 2355 1940 {ffihpmm
2352 1764 2726 1943 53⁰3&

665 1959 729 2001 m
801 1933 863 2002 ,θ’

337 1945 821 2112 ωθΙῙςΠίῗιξῗηῐίὃι
849 2021 1065 2108 duobis
1093 2022 1188 2088 his
1209 2020 1503 2107 capitibus
1545 2023 1920 2108 Apostolicae
1935 2023 2225 2112 Epistolse
2252 2023 2408 2091 clare
2457 2050 2494 2093 a
2576 2034 2721 2108 aret,

333 2133 458 2177 non
485 2133 692 2178 omnes
731 2109 938 2177 Iberni
965 2109 1070 2176 sed
1087 2109 1271 2195 aliqui
1299 2117 1418 2174 tem
1463 2131 1535 2174 us
1564 2109 1780 2195 agendi
1805 2111 2026 2177 festum
2064 2121 2452 2178 sacrosanctae
2624 2137 2720 2180 ur-

329 2199 611 2266 recfionis
638 2197 889 2264 Domini
915 2195 1290 2284 ignorabant,
1318 2203 1380 2264 et
1407 2133 1794 2282 sselagianum
1825 2195 2097 2264 delirium
2144 2199 2212 2264 in
2257 2198 2721 2286 disputationem

332 2285 726 2354 deduxerunt.
809 2283 1110 2351 Coeterum
1181 2305 1307 2350 non
1378 2282 1697 2364 obstinato,
1769 2307 1896 2350 non
1964 2286 2169 2373 impio,
2246 2308 2371 2351 non
2438 2288 2718 2355 hoeretico

330 2372 530 2439 animo
579 2372 750 2458 sequi
805 2371 952 2438 falsa
1003 2372 1280 2456 dogmata
1337 2375 1692 2438 statuerunt.
1783 2371 1921 2453 Sed,
1968 2380 2040 2439 ut
2095 2373 2200 2438 fidi
2244 2372 2538 2441 Catholici
2593 2377 2717 2442 veri

330 2458 557 2526 sciendi
607 2459 828 2547 cupidi,
881 2457 1221 2524 obedientes
1250 2457 1511 2524 ecclesiae
1535 2457 1644 2524 filii
1670 2455 1872 2524 sedem
1928 2461 1988 2525 A
2066 2459 2356 2540 stolicam,
2385 2461 2715 2531 veridicum

331 2545 642 2612 oraculum
658 2545 1104 2624 consuluerunt,
1133 2545 1348 2610 litteris
1377 2567 1483 2630 per
1501 2544 1730 2631 legatos
1759 2545 1956 2612 missis
2062 2547 2334 2612 verinum
2362 2546 2715 2616 Pontificem

329 2630 2716 2789 Jffiss’qfflffitffffi-3ffi33220430Y03312322213⁰3b303333¹

327 2805 558 2872 nodum
608 2827 675 2871 so
700 2740 788 2870 vili
828 2803 1046 2870 eisdem
1076 2804 1290 2890 legatis
1319 2766 1402 2868 ad,
1501 2825 1694 2884 ernos,
1711 2740 1926 2870 litatis
1966 2805 2186 2885 relatis,
2214 2805 2469 2872 traditis.
2557 2770 2713 2873 Ouni

325 2915 468 2960 vero
524 2891 836 2958 ext1terint
861 2890 1042 2979 Papae
1068 2891 1268 2978 plures
1297 2890 1538 2956 nomine
1566 2890 1610 2956 J
1610 2889 1894 2971 ohannes,
1938 2899 2031 2958 ωε
2059 2913 2254 2979 operae
2297 2893 2577 2978 pretium,
2607 2894 2711 2961 ad-

325 3001 568 3046 monere
606 2979 740 3066 quis
767 2979 946 3046 fuerit
1003 2978 1183 3064 hujus
1231 2976 1498 3076 epistolis
1518 2976 1753 3044 author.
1842 2977 2115 3079 Cumque
2155 2977 2325 3045 Beda
2351 2979 2547 3046 tradat
2576 3003 2717 3048 eum

323 3065 674 3134 successisse
721 3067 1060 3154 proximum
1106 3066 1386 3130 Sevenno
1433 3064 1761 3130 successori
1811 3063 2091 3146 Hononi,
2138 3063 2389 3132 dubium
2430 3089 2556 3134 non
2604 3076 2715 3150 est,

325 3155 472 3239 quin
521 3160 615 3219 est
641 3161 906 3240 quartus,
955 3153 1060 3240 qui
1087 3173 1356 3218 summus
1395 3149 1672 3217 Pontifex
1721 3159 1954 3218 creatus
1976 3159 2087 3234 est,
2174 3155 2356 3242 ᾼιιηο
2406 3153 2713 3222 Dominici

323 3239 562 3308 Natalis
589 3241 1033 3320 sexcentesimo,
1075 3238 1402 3326 trigesimo,
1431 3245 1661 3319 octavo,
1707 3239 1804 3306 die
1833 3239 2061 3308 decimo
2106 3247 2317 3326 quarto
2345 3240 2713 3324 Decembris,

326 3337 394 3394 ut
420 3328 727 3396 Victorius
748 3327 1040 3394 Baldinus
1061 3326 1364 3392 memoriae
1391 3325 1716 3392 mandavit.

1340 3780 1520 3847 CAP.
1565 3779 1720 3846 VII.

557 3953 624 4008 ln
646 3967 838 4007 eorum
863 3967 981 4022 quoe
999 3947 1254 4010 diximus,
1277 3943 1764 4012 confirmationem,
1788 3944 2104 4003 testimonia
2123 3951 2460 4013 referuntur.

324 4129 486 4202 Qum
535 4125 813 4201 diximus,
864 4120 1172 4198 hactenus,
1223 4117 1364 4205 quia
1411 4122 1555 4183 sunt
1602 4117 1782 4184 hodie
1830 4117 2129 4210 plerisque
2173 4127 2382 4213 ignota
2436 4137 2705 4202 veterum

321 4215 674 4302 scriptorum
699 4207 1057 4276 testimoniis
1083 4207 1231 4274 fides
1259 4211 1351 4272 est
1377 4203 1731 4271 nutantibus
1757 4207 2045 4278 facienda.
2134 4213 2415 4301 Namque
2442 4219 2706 4288 veritatis

320 4323 558 4369 causam
613 4303 823 4366 contra
865 4293 1259 4373 mendacium,
1303 4291 1616 4358 homiuum
1655 4295 2047 4364 temeritatem
2076 4302 2280 4382 tutari,
2312 4309 2405 4368 est
2431 4312 2703 4375 nostrum

314 4389 678 4455 institutum.
771 4385 986 4470 Itaque
1005 4383 1258 4448 Sanctus
1283 4377 1626 4446 Bernardus
1655 4379 1732 4446 de
1757 4380 2122 4452 Bencorensi
2148 4391 2526 4472 monasteriO,
2541 4396 2704 4480 quod

317 4485 409 4542 est
468 4476 536 4541 in
605 4471 848 4538 Ibernia
907 4470 1171 4536 scribens
1220 4469 1322 4547 ait,
1369 4471 1412 4502 “
1427 4465 1666 4552 Nempe
1731 4467 2171 4540 nobilissimum
2218 4476 2493 4544 extiterat
2562 4489 2701 4550 ante

317 4561 432 4628 sub
510 4561 703 4648 primo
789 4564 959 4646 patre
1019 4555 1319 4644 Congello
1411 4552 1601 4617 multa
1699 4553 1887 4620 millia
1970 4566 2312 4626 sanctorum
2392 4586 2699 4652 generans,

317 4648 641 4714 multorum
710 4644 1204 4712 monasteriorum
1291 4645 1493 4727 caput,
1551 4638 1720 4704 locus
1808 4663 1946 4710 vere
2028 4653 2289 4728 sanctus,
2364 4651 2700 4723 faecundus.

320 4756 434 4820 que
505 4738 862 4812 sanctorum,
939 4732 1341 4818 copiosissime
1389 4725 1753 4793 fructificans
1803 4727 1955 4812 Deo,
2027 4732 2113 4800 ita
2184 4742 2255 4799 ut
2325 4757 2484 4804 unus
2541 4742 2700 4810 filius

317 4821 477 4890 illius
549 4828 766 4888 sanctae
843 4819 1323 4907 congregationis
1395 4813 1636 4880 nomine
1708 4813 1958 4887 Luanus
2018 4829 2260 4888 centum
2333 4823 2496 4892 solus
2571 4852 2697 4896 mo-
