3634 5842
383 765 522 812 oar.
567 746 688 832 Ν]
1042 769 1126 814 nn·
1170 769 1372 814 nanno
1417 767 1783 818 eumenem
1830 765 2164 812 ANNORUM.
2654 745 2776 811 175

384 921 634 987 tionem.
720 920 996 1021 Ulligum
1025 920 1318 1006 Sligachae
1338 921 1646 1021 obsidione
1673 921 1937 1020 cinctum
1960 923 2289 1020 oppugnat.
2377 917 2620 1005 Ulligus
2642 939 2779 984 cum

389 1006 1403 1163 fssszssffffiffiffiffiffi
1422 1005 2393 1174 ffumg‘ssfflssie‘sslssffissffffl
2434 1004 2781 1190 ,ῗέἒὲῗέἰ

397 1182 528 1248 nire
569 1181 834 1248 festinat.
921 1183 980 1246 A
1019 1181 1108 1246 ud
1153 1183 1526 1248 Duraranem
1571 1183 1638 1246 in
1679 1181 1871 1246 hostis
1915 1187 2240 1266 conspectu
2265 1181 2521 1246 tentoria
2548 1178 2777 1264 pandit.

399 1267 660 1334 Duobus
705 1268 912 1354 primis
1022 1267 1168 1334 ebus
1207 1268 1568 1334 interlabens
1615 1269 1841 1334 flumen
1886 1269 2201 1354 utriusque
2244 1268 2431 1354 partis
2478 1289 2513 1331 e
2554 1267 2783 1331 uitatus

402 1355 750 1440 adequitans
780 1353 982 1420 ’aculis
1007 1354 1214 1420 leviter
1239 1356 1398 1422 ultro
1420 1357 1688 1442 citroque
1712 1354 2009 1420 velitatur.
2072 1355 2275 1420 Tertio
2304 1354 2401 1418 die
2426 1353 2521 1418 Bo
2590 1353 2785 1418 ericus

405 1440 728 1508 O’Donelli
841 1447 932 1506 ter
958 1463 1096 1506 cum
1122 1442 1351 1508 Felmio
1381 1443 1523 1508 Mac
1549 1443 1804 1518 Daveto,
1836 1447 1897 1506 et
1924 1441 2042 1506 alio
2069 1441 2267 1525 equite
2295 1441 2545 1505 fluvium
2572 1438 2780 1523 trajec-

403 1535 506 1595 tus
554 1534 746 1594 castra
790 1529 1240 1615 contemplatur.
1323 1529 1406 1594 In
1451 1529 1624 1595 illum
1665 1528 1894 1593 Martin
1935 1527 2193 1614 Anglus,
2224 1528 2420 1613 quiin
2446 1525 2783 1610 Binghamo

405 1616 668 1682 exercitu
711 1616 1231 1701 praestantissimus
1280 1623 1460 1702 eques
1502 1614 1849 1694 habebatur,
1891 1615 2203 1699 procurrit,
2233 1615 2432 1679 turma
2458 1615 2585 1692 sira,
2616 1611 2787 1677 cuius

406 1702 531 1768 dux
558 1708 702 1782 erat,
731 1702 1005 1787 stipatae.
1090 1702 1448 1768 Bothericus
1475 1702 1730 1768 admisso
1761 1721 1916 1787 equo
1945 1701 2023 1767 ad
2050 1723 2189 1767 suos
2219 1700 2499 1766 adcurrit.
2562 1698 2791 1764 Martin

279 1862 292 1876 ³
406 1809 660 1875 sequens
704 1810 946 1853 suorum
995 1789 1224 1874 primus
1251 1789 1470 1854 vadum
1497 1788 1867 1875 traijiciebat.
1956 1788 2153 1860 Quem
2179 1787 2444 1854 Felmius
2473 1806 2791 1851 conversus

406 1877 580 1942 hasta
605 1875 934 1954 tra'ectum,
964 1883 1026 1939 et
1056 1876 1434 1942 interfectum
1481 1877 1548 1940 in
1591 1875 1726 1961 ipso
1771 1875 2016 1941 flumine
2044 1896 2199 1961 equo
2250 1873 2546 1953 deturbat,
2576 1878 2636 1937 et
2662 1873 2791 1956 ipse

408 1985 547 2028 cum
574 1961 696 2028 Rot
738 1962 913 2041 ericO,
942 1967 1006 2026 et
1033 1961 1150 2028 alio
1195 1963 1596 2029 commilitone
1623 1963 1940 2028 incolumis
1990 1963 2193 2028 evasit.
2282 1961 2531 2026 Postero
2559 1959 2656 2024 die
2684 1957 2791 2022 ob-

405 2049 654 2118 sidionis
709 2055 942 2135 quarto,
999 2048 1392 2150 Binghamus,
1451 2048 1728 2114 obsidio*
1795 2049 2003 2116 relicto
2075 2049 2321 2114 domum
2376 2047 2551 2126 redit,
2612 2065 2790 2132 quem

407 2134 777 2202 O’Donellus
805 2140 1046 2202 secutus
1073 2136 1396 2212 mlssilibus
1424 2136 1630 2222 carpit.

1054 2327 1331 2336 ——ae-o—-a———uss
1359 2329 1556 2336 ——

1415 2467 1598 2532 GAP.
1637 2465 1758 2532 IV.

405 2617 696 2674 Russellus
717 2635 918 2690 prorex
943 2623 1000 2670 et
1025 2615 1081 2670 N
1084 2614 1225 2669 orris
1250 2631 1376 2668 cum
1394 2611 1512 2668 O'N
1521 2613 1627 2667 ello
1645 2631 1841 2685 parum
1858 2631 2117 2684 prospere
2134 2614 2411 2669 dimicant.
2452 2615 2793 2688 Binghamus

731 2687 1044 2762 Sligacham
1068 2703 1250 2740 arcem
1273 2684 1478 2738 acriter
1502 2684 1720 2755 quidem
1744 2683 1956 2738 frustra
1977 2693 2159 2738 tamen
2184 2693 2484 2758 oppugnat.

411 2829 748 2914 Snounffl
777 2827 978 2898 anno†
1007 2823 1302 2890 O'Nellus
1329 2823 1406 2889 ab
1435 2823 1652 2909 Anglis
1695 2823 1884 2888 hostis
1912 2825 2118 2909 patriae
2147 2830 2207 2888 et
2234 2825 2502 2909 proditor
2518 2799 2793 2914 'publica-

407 2921 552 2980 turt
596 2920 658 2979 et
689 2935 826 2978 vere
872 2913 996 2999 jam
1041 2917 1354 2998 appetente
1380 2911 1445 2975 in
1472 2911 1644 2975 illum
1686 2909 1995 2974 Russellus
2043 2933 2256 2996 prorex
2272 2917 2341 2976 ‘et
2384 2911 2601 2978 Non-is
2648 2915 2793 3000 regii

409 3001 704 3067 exercitus
749 3001 1070 3084 imperator
1117 2999 1344 3064 faciunt
1371 2997 1825 3082 expeditionem.
1914 2996 2029 3061 Est
2054 2998 2122 3062 in
2149 2997 2415 3064 Ultoniae
2440 2999 2661 3064 finibus
2690 3024 2797 3087 op-

450 3088 620 3153 idum
669 3087 910 3153 nomine
959 3084 1069 3150 Iur
1114 3085 1276 3171 quod
1325 3084 1513 3170 Angli
1561 3107 1684 3149 sem
1837 3084 2032 3149 valido
2059 3085 2335 3170 praesidio
2365 3087 2793 3154 custodierunt.

467 3197 508 3240 x
535 3197 608 3240 eo
635 3173 784 3259 regii
813 3195 948 3238 cum
981 3172 1270 3238 universis
1298 3172 1484 3258 copiis
1527 3193 1664 3257 egre
1703 3171 1953 3246 iuntur3
1999 3193 2251 3257 quorum
2278 3171 2429 3237 illud
2458 3181 2583 3240 erat
2610 3175 2797 3262 expli-

412 3263 590 3332 citius
617 3260 930 3326 consilium
955 3266 1026 3325 ut
1052 3258 1450 3325 Ardmacham
1477 3257 1685 3324 urbem
1715 3257 1977 3324 Ibernici
2011 3259 2280 3345 primatis
2307 3260 2506 3326 sedem
2534 3261 2599 3326 in
2629 3285 2798 3328 suam

413 3353 767 3434 potestatem
814 3346 1164 3432 redigerent.
1255 3345 1550 3412 Caeterum
1593 3346 1694 3410 vix
1745 3345 2007 3412 millibus
2050 3367 2335 3431 passuum
2385 3355 2522 3413 octo
2564 3371 2797 3434 proces-

417 3439 622 3498 serunt
648 3455 786 3498 cum
815 3433 890 3498 ad
918 3433 1244 3499 Ecclesiam
1271 3434 1426 3519 prati
1461 3431 1616 3517 (Kill
1644 3432 1897 3516 Cluona)
1931 3432 2049 3498 illis
2066 3432 2361 3499 O'Nellus
2382 3434 2618 3500 obviam
2634 3437 2799 3502 venit

416 3541 556 3584 cum
612 3519 795 3604 duplo
850 3519 1180 3585 minoribus
1231 3520 1435 3605 copiis,
1495 3521 1810 3584 comitatus
1868 3541 1905 3584 a
1960 3519 2102 3584 Mac
2148 3519 2387 3601 Guiere,
2440 3521 2796 3603 O’Kahano,

416 3605 766 3672 O’Hanloni
810 3605 946 3670 filiis
995 3612 1057 3670 et
1103 3605 1234 3670 aliis
1277 3605 1583 3671 nobilibus
1629 3605 1812 3686 viris;
1856 3604 1965 3670 ubi
2012 3612 2152 3690 post
2191 3607 2495 3672 meridiem
2540 3609 2799 3694 incoepto

415 3691 662 3780 proelio‡
691 3691 841 3776 regii
867 3689 1020 3756 male
1065 3693 1259 3757 vexati
1307 3693 1508 3756 Iurem
1561 3713 1688 3757 sese
1715 3692 1837 3758 reci
1878 3713 1975 3756 ere
2004 3700 2322 3777 coguntur.
2408 3693 2504 3759 Eo
2532 3694 2627 3760 die
2656 3701 2799 3761 sunt

415 3779 597 3846 occisi
644 3777 938 3843 Catholici
983 3777 1245 3857 ducenti,
1289 3779 1438 3864 regii
1483 3779 1762 3844 sexcenti.
1836 3715 2070 3864 {Vsque
2124 3777 2499 3864 Binghamus
2556 3781 2798 3867 quidem

417 3865 660 3932 dormit.
743 3863 1049 3930 Tomonise
1077 3869 1140 3929 et
1186 3863 1618 3930 Clanrichardae
1645 3865 1891 3930 comites
1918 3863 2170 3930 Ibernos
2199 3873 2441 3932 evocat:
2484 3867 2797 3935 Connach-

415 3960 496 4019 tae
540 3952 838 4019 delectum
884 3949 1100 4016 habet:
1143 3951 1512 4017 Midhiensoe
1539 3950 1929 4036 praesidiarios
1956 3957 2019 4016 et
2046 3953 2275 4038 equites
2316 3954 2799 4039 Anglo·Ibernos

413 4040 646 4127 recipit.
731 4037 886 4104 Cum
936 4037 1124 4124 signis
1157 4035 1534 4189 ffffltariblff
1572 4038 1787 4189 vkiginti
1817 4044 2077 4126 quatuor
2126 4038 2461 4140 Sligacham
2490 4041 2797 4108 obsidione

415 4127 1250 4299 &taff
1277 4147 1581 4312 ffiffiaef
1621 4127 2497 4312 ffiffiffissffiffissffi
2524 4151 2799 4282 {eff

415 4301 554 4366 dine
593 4324 661 4366 m
703 4321 896 4366 arcem
937 4297 1280 4400 compulsus
1321 4321 1395 4363 ex
1435 4297 1718 4378 turribus,
1739 4300 1960 4385 pinnis,
1983 4299 2273 4380 fenestris,
2296 4307 2359 4366 et
2394 4301 2503 4369 reli
2543 4303 2639 4369 uis
2662 4325 2797 4369 mu-

413 4387 744 4454 nitionibus
793 4385 1036 4452 missilia
1077 4385 1394 4485 jaculando
1435 4385 1638 4452 hostes
1681 4391 1865 4451 arcet.
1948 4385 2124 4473 Regii
2167 4388 2471 4468 muchum,
2592 4389 2794 4458 llicum

415 4475 952 4541 machinamentum
981 4471 1270 4538 militibus
1291 4472 1496 4538 subter
1537 4472 1851 4559 agentibus
1880 4474 2028 4539 arcis
2056 4495 2227 4540 muro
2256 4475 2631 4563 admovent,u
2664 4501 2791 4546 mu·
2816 4477 2997 4544 [Ml-1

487 4711 514 4734 ’
552 4709 654 4762 See
679 4709 865 4779 along
889 4716 1120 4763 account
1159 4706 1226 4762 of
1258 4705 1369 4761 this
1412 4706 1576 4778 siege,
1616 4705 1772 4760 Four
1809 4707 2067 4772 Mastch,
2099 4709 2254 4774 1977,
2280 4707 2424 4764 A.D.
2467 4713 2619 4766 1595.

490 4779 518 4843 †
559 4779 718 4833 Same
741 4796 888 4850 year,
911 4788 1040 4834 note
1063 4797 1246 4850 supra,
1273 4796 1326 4850 p.
1362 4782 1480 4837 172.

492 4851 524 4919 ss
562 4849 706 4905 A0D.
737 4853 890 4914 1595,
916 4851 1196 4906 described
1221 4850 1290 4922 by
1316 4851 1406 4905 the
1431 4849 1586 4905 Four
1615 4848 1678 4904 M
1680 4857 1869 4917 asters,
1894 4866 1946 4921 p.
1983 4851 2110 4908 1971
2142 4867 2206 4904 or
2238 4849 2391 4911 1987.
