<?xml version="1.0" encoding="UTF-8"?>
<!DOCTYPE html PUBLIC "-//W3C//DTD XHTML 1.0 Transitional//EN"
    "http://www.w3.org/TR/xhtml1/DTD/xhtml1-transitional.dtd">
<html xmlns="http://www.w3.org/1999/xhtml" xml:lang="en" lang="en">
 <head>
  <title>
</title>
<meta http-equiv="Content-Type" content="text/html;charset=utf-8" />
  <meta name='ocr-system' content='tesseract 3.04.00' />
  <meta name='ocr-capabilities' content='ocr_page ocr_carea ocr_par ocr_line ocrx_word'/>
</head>
<body>
  <div class='ocr_page' id='page_1' title='image "./historicatholic00kellgoog_0227.png"; bbox 0 0 3634 5842; ppageno 0'>
   <div class='ocr_carea' id='block_1_1' title="bbox 406 756 2788 841">
    <p class='ocr_par' dir='ltr' id='par_1_1' title="bbox 406 756 2788 841">
     <span class='ocr_line' id='line_1_1' title="bbox 406 756 2788 841; baseline 0.001 -18"><span class='ocrx_word' id='word_1_1' title='bbox 406 776 544 823; x_wconf 71' lang='lat' dir='ltr'><strong>cn.</strong></span> <span class='ocrx_word' id='word_1_2' title='bbox 587 756 684 841; x_wconf 85' lang='lat' dir='ltr'><strong>v.]</strong></span> <span class='ocrx_word' id='word_1_3' title='bbox 1074 780 1160 824; x_wconf 74' lang='lat' dir='ltr'><strong>na</strong></span> <span class='ocrx_word' id='word_1_4' title='bbox 1202 779 1398 825; x_wconf 70' lang='lat' dir='ltr'><strong>annno</strong></span> <span class='ocrx_word' id='word_1_5' title='bbox 1443 779 1808 830; x_wconf 70' lang='lat' dir='ltr'><strong>numoscnr</strong></span> <span class='ocrx_word' id='word_1_6' title='bbox 1854 780 2187 826; x_wconf 69' lang='lat' dir='ltr'><strong>Annorum.</strong></span> <span class='ocrx_word' id='word_1_7' title='bbox 2662 762 2788 825; x_wconf 88' lang='grc'><strong>191</strong></span> 
     </span>
    </p>
   </div>
   <div class='ocr_carea' id='block_1_2' title="bbox 329 930 3001 4931">
    <p class='ocr_par' dir='ltr' id='par_1_2' title="bbox 329 930 3001 4931">
     <span class='ocr_line' id='line_1_2' title="bbox 407 930 2791 1019; baseline 0.001 -22"><span class='ocrx_word' id='word_1_8' title='bbox 407 933 652 1017; x_wconf 85' lang='lat' dir='ltr'><strong>peritus,</strong></span> <span class='ocrx_word' id='word_1_9' title='bbox 683 938 744 997; x_wconf 89' lang='lat' dir='ltr'><strong>et</strong></span> <span class='ocrx_word' id='word_1_10' title='bbox 773 932 934 1018; x_wconf 89' lang='lat' dir='ltr'><strong>quod</strong></span> <span class='ocrx_word' id='word_1_11' title='bbox 963 931 1094 998; x_wconf 74' lang='lat' dir='ltr'><strong>rarb</strong></span> <span class='ocrx_word' id='word_1_12' title='bbox 1122 933 1188 998; x_wconf 92' lang='lat' dir='ltr'><strong>in</strong></span> <span class='ocrx_word' id='word_1_13' title='bbox 1235 932 1584 1019; x_wconf 78' lang='lat' dir='ltr'><strong>imperatore</strong></span> <span class='ocrx_word' id='word_1_14' title='bbox 1629 933 1915 1012; x_wconf 78' lang='lat' dir='ltr'><strong>invenieS,</strong></span> <span class='ocrx_word' id='word_1_15' title='bbox 1966 933 2213 999; x_wconf 89' lang='lat' dir='ltr'><strong>consilio</strong></span> <span class='ocrx_word' id='word_1_16' title='bbox 2266 930 2462 1013; x_wconf 88' lang='lat' dir='ltr'><strong>simul,</strong></span> <span class='ocrx_word' id='word_1_17' title='bbox 2508 942 2567 998; x_wconf 92' lang='lat' dir='ltr'><strong>et</strong></span> <span class='ocrx_word' id='word_1_18' title='bbox 2611 935 2791 1000; x_wconf 89' lang='lat' dir='ltr'><strong>animi</strong></span> 
     </span>
     <span class='ocr_line' id='line_1_3' title="bbox 407 1019 2790 1104; baseline 0.001 -21"><span class='ocrx_word' id='word_1_19' title='bbox 407 1020 820 1104; x_wconf 82' lang='lat' dir='ltr'><strong>magnitudine</strong></span> <span class='ocrx_word' id='word_1_20' title='bbox 888 1027 1152 1099; x_wconf 81' lang='lat' dir='ltr'><strong>raestans,</strong></span> <span class='ocrx_word' id='word_1_21' title='bbox 1191 1021 1256 1085; x_wconf 89' lang='lat' dir='ltr'><strong>in</strong></span> <span class='ocrx_word' id='word_1_22' title='bbox 1283 1019 1461 1085; x_wconf 89' lang='lat' dir='ltr'><strong>rebus</strong></span> <span class='ocrx_word' id='word_1_23' title='bbox 1490 1019 1764 1085; x_wconf 81' lang='lat' dir='ltr'><strong>secundis</strong></span> <span class='ocrx_word' id='word_1_24' title='bbox 1793 1027 2040 1100; x_wconf 83' lang='lat' dir='ltr'><strong>cautus3</strong></span> <span class='ocrx_word' id='word_1_25' title='bbox 2082 1022 2151 1086; x_wconf 89' lang='lat' dir='ltr'><strong>in</strong></span> <span class='ocrx_word' id='word_1_26' title='bbox 2172 1019 2430 1085; x_wconf 88' lang='lat' dir='ltr'><strong>adversis</strong></span> <span class='ocrx_word' id='word_1_27' title='bbox 2468 1021 2790 1100; x_wconf 88' lang='lat' dir='ltr'><strong>animosus,</strong></span> 
     </span>
     <span class='ocr_line' id='line_1_4' title="bbox 405 1042 2789 1193; baseline 0.001 -24"><span class='ocrx_word' id='word_1_28' title='bbox 405 1106 472 1170; x_wconf 88' lang='lat' dir='ltr'><strong>in</strong></span> <span class='ocrx_word' id='word_1_29' title='bbox 501 1107 710 1186; x_wconf 82' lang='lat' dir='ltr'><strong>victos,</strong></span> <span class='ocrx_word' id='word_1_30' title='bbox 740 1114 801 1171; x_wconf 87' lang='lat' dir='ltr'><strong>et</strong></span> <span class='ocrx_word' id='word_1_31' title='bbox 831 1042 1160 1173; x_wconf 56' lang='lat' dir='ltr'><strong>deditiones</strong></span> <span class='ocrx_word' id='word_1_32' title='bbox 1185 1108 1384 1171; x_wconf 85' lang='lat' dir='ltr'><strong>minus</strong></span> <span class='ocrx_word' id='word_1_33' title='bbox 1433 1105 1895 1173; x_wconf 88' lang='lat' dir='ltr'><strong>contumeliosus</strong></span> <span class='ocrx_word' id='word_1_34' title='bbox 1922 1107 2138 1193; x_wconf 78' lang='lat' dir='ltr'><strong>Anglis</strong></span> <span class='ocrx_word' id='word_1_35' title='bbox 2166 1107 2461 1193; x_wconf 86' lang='lat' dir='ltr'><strong>plerisque</strong></span> <span class='ocrx_word' id='word_1_36' title='bbox 2504 1108 2607 1192; x_wconf 92' lang='lat' dir='ltr'><strong>qui</strong></span> <span class='ocrx_word' id='word_1_37' title='bbox 2634 1130 2789 1173; x_wconf 89' lang='lat' dir='ltr'><strong>nun-</strong></span> 
     </span>
     <span class='ocr_line' id='line_1_5' title="bbox 408 1192 2789 1279; baseline 0.001 -22"><span class='ocrx_word' id='word_1_38' title='bbox 408 1214 588 1277; x_wconf 88' lang='lat' dir='ltr'><strong>quam</strong></span> <span class='ocrx_word' id='word_1_39' title='bbox 632 1193 904 1258; x_wconf 80' lang='lat' dir='ltr'><strong>convitiis</strong></span> <span class='ocrx_word' id='word_1_40' title='bbox 951 1198 1220 1279; x_wconf 87' lang='lat' dir='ltr'><strong>parcunt.</strong></span> <span class='ocrx_word' id='word_1_41' title='bbox 1308 1192 1522 1278; x_wconf 89' lang='lat' dir='ltr'><strong>Itaque</strong></span> <span class='ocrx_word' id='word_1_42' title='bbox 1573 1194 1768 1279; x_wconf 85' lang='lat' dir='ltr'><strong>gentis</strong></span> <span class='ocrx_word' id='word_1_43' title='bbox 1815 1216 1939 1258; x_wconf 76' lang='lat' dir='ltr'><strong>suae</strong></span> <span class='ocrx_word' id='word_1_44' title='bbox 1986 1193 2207 1259; x_wconf 89' lang='lat' dir='ltr'><strong>ducum</strong></span> <span class='ocrx_word' id='word_1_45' title='bbox 2235 1193 2423 1258; x_wconf 80' lang='lat' dir='ltr'><strong>audeo</strong></span> <span class='ocrx_word' id='word_1_46' title='bbox 2452 1216 2673 1279; x_wconf 87' lang='lat' dir='ltr'><strong>paucos</strong></span> <span class='ocrx_word' id='word_1_47' title='bbox 2700 1195 2789 1260; x_wconf 91' lang='lat' dir='ltr'><strong>illi</strong></span> 
     </span>
     <span class='ocr_line' id='line_1_6' title="bbox 406 1278 2791 1367; baseline 0.001 -24"><span class='ocrx_word' id='word_1_48' title='bbox 406 1279 692 1357; x_wconf 86' lang='lat' dir='ltr'><strong>conferre,</strong></span> <span class='ocrx_word' id='word_1_49' title='bbox 722 1286 1079 1366; x_wconf 80' lang='lat' dir='ltr'><strong>anteponere</strong></span> <span class='ocrx_word' id='word_1_50' title='bbox 1103 1279 1428 1366; x_wconf 88' lang='lat' dir='ltr'><strong>pauciores.</strong></span> <span class='ocrx_word' id='word_1_51' title='bbox 1515 1278 1664 1345; x_wconf 86' lang='lat' dir='ltr'><strong>Erat</strong></span> <span class='ocrx_word' id='word_1_52' title='bbox 1684 1280 1759 1344; x_wconf 87' lang='lat' dir='ltr'><strong>O’</strong></span> <span class='ocrx_word' id='word_1_53' title='bbox 1763 1280 1829 1344; x_wconf 92' lang='lat' dir='ltr'>N</span> <span class='ocrx_word' id='word_1_54' title='bbox 1832 1279 1945 1345; x_wconf 92' lang='lat' dir='ltr'><strong>ello</strong></span> <span class='ocrx_word' id='word_1_55' title='bbox 1973 1304 2097 1346; x_wconf 88' lang='lat' dir='ltr'><strong>non</strong></span> <span class='ocrx_word' id='word_1_56' title='bbox 2125 1280 2322 1345; x_wconf 89' lang='lat' dir='ltr'><strong>solum</strong></span> <span class='ocrx_word' id='word_1_57' title='bbox 2349 1280 2587 1367; x_wconf 87' lang='lat' dir='ltr'><strong>publica</strong></span> <span class='ocrx_word' id='word_1_58' title='bbox 2614 1304 2791 1347; x_wconf 87' lang='lat' dir='ltr'><strong>causa</strong></span> 
     </span>
     <span class='ocr_line' id='line_1_7' title="bbox 407 1364 2793 1453; baseline 0.001 -23"><span class='ocrx_word' id='word_1_59' title='bbox 407 1364 757 1451; x_wconf 65' lang='lat' dir='ltr'><strong>Religionis,</strong></span> <span class='ocrx_word' id='word_1_60' title='bbox 789 1374 850 1431; x_wconf 90' lang='lat' dir='ltr'><strong>et</strong></span> <span class='ocrx_word' id='word_1_61' title='bbox 876 1367 1116 1452; x_wconf 81' lang='lat' dir='ltr'><strong>reginae,</strong></span> <span class='ocrx_word' id='word_1_62' title='bbox 1145 1366 1246 1433; x_wconf 87' lang='lat' dir='ltr'><strong>sed</strong></span> <span class='ocrx_word' id='word_1_63' title='bbox 1276 1368 1456 1432; x_wconf 81' lang='lat' dir='ltr'><strong>etiam</strong></span> <span class='ocrx_word' id='word_1_64' title='bbox 1482 1367 1727 1453; x_wconf 88' lang='lat' dir='ltr'><strong>privatis</strong></span> <span class='ocrx_word' id='word_1_65' title='bbox 1771 1367 2096 1433; x_wconf 89' lang='lat' dir='ltr'><strong>inimicitiis</strong></span> <span class='ocrx_word' id='word_1_66' title='bbox 2151 1367 2572 1433; x_wconf 87' lang='lat' dir='ltr'><strong>infenissimus.</strong></span> <span class='ocrx_word' id='word_1_67' title='bbox 2660 1368 2793 1433; x_wconf 90' lang='lat' dir='ltr'><strong>Du-</strong></span> 
     </span>
     <span class='ocr_line' id='line_1_8' title="bbox 407 1451 2793 1541; baseline 0.001 -25"><span class='ocrx_word' id='word_1_68' title='bbox 407 1451 580 1517; x_wconf 89' lang='lat' dir='ltr'><strong>cebat</strong></span> <span class='ocrx_word' id='word_1_69' title='bbox 629 1460 886 1537; x_wconf 88' lang='lat' dir='ltr'><strong>quatuor</strong></span> <span class='ocrx_word' id='word_1_70' title='bbox 931 1453 1136 1533; x_wconf 88' lang='lat' dir='ltr'><strong>millia,</strong></span> <span class='ocrx_word' id='word_1_71' title='bbox 1165 1460 1227 1519; x_wconf 92' lang='lat' dir='ltr'><strong>et</strong></span> <span class='ocrx_word' id='word_1_72' title='bbox 1255 1454 1615 1541; x_wconf 77' lang='lat' dir='ltr'><strong>quingentos</strong></span> <span class='ocrx_word' id='word_1_73' title='bbox 1655 1453 1885 1539; x_wconf 84' lang='lat' dir='ltr'><strong>pedites</strong></span> <span class='ocrx_word' id='word_1_74' title='bbox 1929 1453 2041 1518; x_wconf 89' lang='lat' dir='ltr'><strong>sub</strong></span> <span class='ocrx_word' id='word_1_75' title='bbox 2071 1454 2257 1539; x_wconf 89' lang='lat' dir='ltr'><strong>signis</strong></span> <span class='ocrx_word' id='word_1_76' title='bbox 2287 1454 2697 1541; x_wconf 86' lang='lat' dir='ltr'><strong>quadraginta,</strong></span> <span class='ocrx_word' id='word_1_77' title='bbox 2732 1462 2793 1520; x_wconf 92' lang='lat' dir='ltr'><strong>et</strong></span> 
     </span>
     <span class='ocr_line' id='line_1_9' title="bbox 407 1538 2793 1627; baseline 0.001 -24"><span class='ocrx_word' id='word_1_78' title='bbox 407 1538 658 1605; x_wconf 88' lang='lat' dir='ltr'><strong>totidem</strong></span> <span class='ocrx_word' id='word_1_79' title='bbox 687 1540 1019 1605; x_wconf 81' lang='lat' dir='ltr'><strong>cohortium</strong></span> <span class='ocrx_word' id='word_1_80' title='bbox 1052 1539 1322 1619; x_wconf 86' lang='lat' dir='ltr'><strong>ducibus,</strong></span> <span class='ocrx_word' id='word_1_81' title='bbox 1347 1540 1710 1626; x_wconf 89' lang='lat' dir='ltr'><strong>optionibus,</strong></span> <span class='ocrx_word' id='word_1_82' title='bbox 1734 1540 2049 1627; x_wconf 77' lang='lat' dir='ltr'><strong>signiferiS,</strong></span> <span class='ocrx_word' id='word_1_83' title='bbox 2079 1548 2141 1605; x_wconf 89' lang='lat' dir='ltr'><strong>et</strong></span> <span class='ocrx_word' id='word_1_84' title='bbox 2168 1542 2507 1621; x_wconf 88' lang='lat' dir='ltr'><strong>tesserariis,</strong></span> <span class='ocrx_word' id='word_1_85' title='bbox 2539 1550 2599 1606; x_wconf 91' lang='lat' dir='ltr'><strong>et</strong></span> <span class='ocrx_word' id='word_1_86' title='bbox 2628 1542 2793 1627; x_wconf 87' lang='lat' dir='ltr'><strong>equi-</strong></span> 
     </span>
     <span class='ocr_line' id='line_1_10' title="bbox 407 1626 2792 1715; baseline 0.001 -25"><span class='ocrx_word' id='word_1_87' title='bbox 407 1633 500 1690; x_wconf 86' lang='lat' dir='ltr'><strong>tes</strong></span> <span class='ocrx_word' id='word_1_88' title='bbox 529 1626 888 1713; x_wconf 87' lang='lat' dir='ltr'><strong>quingentos</strong></span> <span class='ocrx_word' id='word_1_89' title='bbox 939 1626 1052 1691; x_wconf 89' lang='lat' dir='ltr'><strong>sub</strong></span> <span class='ocrx_word' id='word_1_90' title='bbox 1098 1627 1285 1713; x_wconf 88' lang='lat' dir='ltr'><strong>signis</strong></span> <span class='ocrx_word' id='word_1_91' title='bbox 1335 1636 1490 1705; x_wconf 90' lang='lat' dir='ltr'><strong>oct0,</strong></span> <span class='ocrx_word' id='word_1_92' title='bbox 1521 1650 1774 1712; x_wconf 87' lang='lat' dir='ltr'><strong>quorum</strong></span> <span class='ocrx_word' id='word_1_93' title='bbox 1803 1628 2085 1712; x_wconf 87' lang='lat' dir='ltr'><strong>magister</strong></span> <span class='ocrx_word' id='word_1_94' title='bbox 2113 1634 2237 1693; x_wconf 88' lang='lat' dir='ltr'><strong>erat</strong></span> <span class='ocrx_word' id='word_1_95' title='bbox 2266 1627 2637 1715; x_wconf 87' lang='lat' dir='ltr'><strong>Monteguus</strong></span> <span class='ocrx_word' id='word_1_96' title='bbox 2666 1629 2792 1692; x_wconf 87' lang='lat' dir='ltr'><strong>An-</strong></span> 
     </span>
     <span class='ocr_line' id='line_1_11' title="bbox 409 1712 2795 1800; baseline 0.001 -24"><span class='ocrx_word' id='word_1_97' title='bbox 409 1712 566 1798; x_wconf 86' lang='lat' dir='ltr'><strong>glus.</strong></span> <span class='ocrx_word' id='word_1_98' title='bbox 653 1713 734 1778; x_wconf 92' lang='lat' dir='ltr'><strong>In</strong></span> <span class='ocrx_word' id='word_1_99' title='bbox 761 1714 1035 1779; x_wconf 88' lang='lat' dir='ltr'><strong>universo</strong></span> <span class='ocrx_word' id='word_1_100' title='bbox 1063 1736 1310 1779; x_wconf 87' lang='lat' dir='ltr'><strong>numero</strong></span> <span class='ocrx_word' id='word_1_101' title='bbox 1327 1713 1506 1799; x_wconf 71' lang='lat' dir='ltr'><strong>paulo</strong></span> <span class='ocrx_word' id='word_1_102' title='bbox 1533 1714 1734 1800; x_wconf 89' lang='lat' dir='ltr'><strong>plures</strong></span> <span class='ocrx_word' id='word_1_103' title='bbox 1763 1713 1986 1793; x_wconf 89' lang='lat' dir='ltr'><strong>Iberni,</strong></span> <span class='ocrx_word' id='word_1_104' title='bbox 2018 1734 2197 1800; x_wconf 89' lang='lat' dir='ltr'><strong>quam</strong></span> <span class='ocrx_word' id='word_1_105' title='bbox 2224 1714 2412 1800; x_wconf 86' lang='lat' dir='ltr'><strong>Angli</strong></span> <span class='ocrx_word' id='word_1_106' title='bbox 2432 1716 2511 1780; x_wconf 90' lang='lat' dir='ltr'><strong>sti</strong></span> <span class='ocrx_word' id='word_1_107' title='bbox 2552 1714 2795 1780; x_wconf 90' lang='lat' dir='ltr'><strong>endium</strong></span> 
     </span>
     <span class='ocr_line' id='line_1_12' title="bbox 407 1799 2796 1887; baseline 0.002 -24"><span class='ocrx_word' id='word_1_108' title='bbox 407 1799 722 1879; x_wconf 83' lang='lat' dir='ltr'><strong>faciebant,</strong></span> <span class='ocrx_word' id='word_1_109' title='bbox 767 1802 1028 1865; x_wconf 85' lang='lat' dir='ltr'><strong>veterani</strong></span> <span class='ocrx_word' id='word_1_110' title='bbox 1077 1822 1302 1879; x_wconf 87' lang='lat' dir='ltr'><strong>omnes,</strong></span> <span class='ocrx_word' id='word_1_111' title='bbox 1333 1800 1519 1886; x_wconf 82' lang='lat' dir='ltr'><strong>Angli</strong></span> <span class='ocrx_word' id='word_1_112' title='bbox 1569 1801 1915 1887; x_wconf 83' lang='lat' dir='ltr'><strong>superstites</strong></span> <span class='ocrx_word' id='word_1_113' title='bbox 1965 1824 2188 1879; x_wconf 90' lang='lat' dir='ltr'><strong>eorum,</strong></span> <span class='ocrx_word' id='word_1_114' title='bbox 2220 1802 2325 1887; x_wconf 91' lang='lat' dir='ltr'><strong>qui</strong></span> <span class='ocrx_word' id='word_1_115' title='bbox 2353 1802 2447 1866; x_wconf 87' lang='lat' dir='ltr'><strong>vel</strong></span> <span class='ocrx_word' id='word_1_116' title='bbox 2531 1824 2641 1867; x_wconf 89' lang='lat' dir='ltr'><strong>uce</strong></span> <span class='ocrx_word' id='word_1_117' title='bbox 2686 1801 2729 1865; x_wconf 84' lang='lat' dir='ltr'><strong>J</strong></span> <span class='ocrx_word' id='word_1_118' title='bbox 2731 1825 2796 1868; x_wconf 89' lang='lat' dir='ltr'><strong>o-</strong></span> 
     </span>
     <span class='ocr_line' id='line_1_13' title="bbox 409 1885 2799 1981; baseline 0.001 -31"><span class='ocrx_word' id='word_1_119' title='bbox 409 1886 605 1951; x_wconf 88' lang='lat' dir='ltr'><strong>hanne</strong></span> <span class='ocrx_word' id='word_1_120' title='bbox 633 1886 881 1952; x_wconf 88' lang='lat' dir='ltr'><strong>Norrise</strong></span> <span class='ocrx_word' id='word_1_121' title='bbox 907 1888 973 1953; x_wconf 89' lang='lat' dir='ltr'><strong>in</strong></span> <span class='ocrx_word' id='word_1_122' title='bbox 1003 1886 1200 1952; x_wconf 83' lang='lat' dir='ltr'><strong>Gallia</strong></span> <span class='ocrx_word' id='word_1_123' title='bbox 1225 1885 1730 1981; x_wconf 78' lang='lat' dir='ltr'><strong>belligeraverant,</strong></span> <span class='ocrx_word' id='word_1_124' title='bbox 1758 1888 1856 1953; x_wconf 85' lang='lat' dir='ltr'><strong>vel</strong></span> <span class='ocrx_word' id='word_1_125' title='bbox 1881 1889 1919 1952; x_wconf 71' lang='grc' dir='ltr'>ὲ</span> <span class='ocrx_word' id='word_1_126' title='bbox 1947 1888 2232 1973; x_wconf 84' lang='lat' dir='ltr'><strong>praesidiis</strong></span> <span class='ocrx_word' id='word_1_127' title='bbox 2272 1887 2533 1973; x_wconf 85' lang='lat' dir='ltr'><strong>Belgicis</strong></span> <span class='ocrx_word' id='word_1_128' title='bbox 2561 1889 2799 1954; x_wconf 87' lang='lat' dir='ltr'><strong>fuerant</strong></span> 
     </span>
     <span class='ocr_line' id='line_1_14' title="bbox 411 1972 2797 2061; baseline 0.001 -24"><span class='ocrx_word' id='word_1_129' title='bbox 411 1973 602 2051; x_wconf 89' lang='lat' dir='ltr'><strong>acciti,</strong></span> <span class='ocrx_word' id='word_1_130' title='bbox 635 1972 729 2038; x_wconf 87' lang='lat' dir='ltr'><strong>vel</strong></span> <span class='ocrx_word' id='word_1_131' title='bbox 758 1973 832 2039; x_wconf 92' lang='lat' dir='ltr'><strong>ab</strong></span> <span class='ocrx_word' id='word_1_132' title='bbox 866 1974 1047 2059; x_wconf 88' lang='lat' dir='ltr'><strong>hujus</strong></span> <span class='ocrx_word' id='word_1_133' title='bbox 1075 1972 1216 2040; x_wconf 88' lang='lat' dir='ltr'><strong>belli</strong></span> <span class='ocrx_word' id='word_1_134' title='bbox 1243 1974 1536 2061; x_wconf 90' lang='lat' dir='ltr'><strong>principio</strong></span> <span class='ocrx_word' id='word_1_135' title='bbox 1562 1975 1648 2039; x_wconf 87' lang='lat' dir='ltr'><strong>rei</strong></span> <span class='ocrx_word' id='word_1_136' title='bbox 1676 1974 1945 2039; x_wconf 89' lang='lat' dir='ltr'><strong>militaris</strong></span> <span class='ocrx_word' id='word_1_137' title='bbox 1973 1974 2207 2060; x_wconf 85' lang='lat' dir='ltr'><strong>regulas</strong></span> <span class='ocrx_word' id='word_1_138' title='bbox 2232 1975 2301 2041; x_wconf 91' lang='lat' dir='ltr'><strong>in</strong></span> <span class='ocrx_word' id='word_1_139' title='bbox 2329 1974 2571 2041; x_wconf 89' lang='lat' dir='ltr'><strong>Ibernia</strong></span> <span class='ocrx_word' id='word_1_140' title='bbox 2596 1998 2797 2059; x_wconf 88' lang='lat' dir='ltr'><strong>perce-</strong></span> 
     </span>
     <span class='ocr_line' id='line_1_15' title="bbox 411 2059 2801 2147; baseline 0.001 -24"><span class='ocrx_word' id='word_1_141' title='bbox 411 2068 658 2145; x_wconf 89' lang='lat' dir='ltr'><strong>perant:</strong></span> <span class='ocrx_word' id='word_1_142' title='bbox 704 2059 908 2126; x_wconf 90' lang='lat' dir='ltr'><strong>Iberni</strong></span> <span class='ocrx_word' id='word_1_143' title='bbox 937 2083 1173 2146; x_wconf 89' lang='lat' dir='ltr'><strong>quoque</strong></span> <span class='ocrx_word' id='word_1_144' title='bbox 1202 2062 1306 2146; x_wconf 90' lang='lat' dir='ltr'><strong>qui</strong></span> <span class='ocrx_word' id='word_1_145' title='bbox 1336 2060 1448 2125; x_wconf 91' lang='lat' dir='ltr'><strong>sub</strong></span> <span class='ocrx_word' id='word_1_146' title='bbox 1477 2060 1703 2126; x_wconf 85' lang='lat' dir='ltr'><strong>bellicae</strong></span> <span class='ocrx_word' id='word_1_147' title='bbox 1731 2061 2059 2147; x_wconf 70' lang='lat' dir='ltr'><strong>disciplinae</strong></span> <span class='ocrx_word' id='word_1_148' title='bbox 2103 2063 2410 2147; x_wconf 72' lang='lat' dir='ltr'><strong>praeceptis</strong></span> <span class='ocrx_word' id='word_1_149' title='bbox 2440 2063 2706 2127; x_wconf 83' lang='lat' dir='ltr'><strong>contenti</strong></span> <span class='ocrx_word' id='word_1_150' title='bbox 2732 2062 2801 2126; x_wconf 90' lang='lat' dir='ltr'><strong>in</strong></span> 
     </span>
     <span class='ocr_line' id='line_1_16' title="bbox 409 2146 2801 2235; baseline 0.001 -24"><span class='ocrx_word' id='word_1_151' title='bbox 409 2146 746 2232; x_wconf 82' lang='lat' dir='ltr'><strong>legionibus</strong></span> <span class='ocrx_word' id='word_1_152' title='bbox 795 2148 1015 2233; x_wconf 81' lang='lat' dir='ltr'><strong>reginae</strong></span> <span class='ocrx_word' id='word_1_153' title='bbox 1065 2148 1140 2212; x_wconf 90' lang='lat' dir='ltr'><strong>sti</strong></span> <span class='ocrx_word' id='word_1_154' title='bbox 1185 2147 1426 2213; x_wconf 88' lang='lat' dir='ltr'><strong>endium</strong></span> <span class='ocrx_word' id='word_1_155' title='bbox 1475 2158 1768 2213; x_wconf 88' lang='lat' dir='ltr'><strong>merentes</strong></span> <span class='ocrx_word' id='word_1_156' title='bbox 1811 2170 1934 2213; x_wconf 85' lang='lat' dir='ltr'><strong>suae</strong></span> <span class='ocrx_word' id='word_1_157' title='bbox 1992 2149 2229 2213; x_wconf 86' lang='lat' dir='ltr'><strong>virtutis</strong></span> <span class='ocrx_word' id='word_1_158' title='bbox 2260 2148 2615 2214; x_wconf 86' lang='lat' dir='ltr'><strong>documenta</strong></span> <span class='ocrx_word' id='word_1_159' title='bbox 2643 2146 2801 2235; x_wconf 71' lang='lat' dir='ltr'><strong>saepe</strong></span> 
     </span>
     <span class='ocr_line' id='line_1_17' title="bbox 453 2170 2800 2322; baseline 0.001 -25"><span class='ocrx_word' id='word_1_160' title='bbox 453 2232 806 2299; x_wconf 83' lang='lat' dir='ltr'><strong>raebuerant.</strong></span> <span class='ocrx_word' id='word_1_161' title='bbox 895 2234 1089 2300; x_wconf 85' lang='lat' dir='ltr'><strong>Erant</strong></span> <span class='ocrx_word' id='word_1_162' title='bbox 1115 2170 1200 2299; x_wconf 52' lang='lat' dir='ltr'><strong>igi</strong></span> <span class='ocrx_word' id='word_1_163' title='bbox 1228 2234 1504 2300; x_wconf 90' lang='lat' dir='ltr'><strong>nonnulli</strong></span> <span class='ocrx_word' id='word_1_164' title='bbox 1525 2236 1774 2321; x_wconf 87' lang='lat' dir='ltr'><strong>juvenes</strong></span> <span class='ocrx_word' id='word_1_165' title='bbox 1806 2234 2011 2300; x_wconf 85' lang='lat' dir='ltr'><strong>Iberni</strong></span> <span class='ocrx_word' id='word_1_166' title='bbox 2040 2258 2254 2321; x_wconf 83' lang='lat' dir='ltr'><strong>genere</strong></span> <span class='ocrx_word' id='word_1_167' title='bbox 2284 2234 2443 2315; x_wconf 88' lang='lat' dir='ltr'><strong>clari,</strong></span> <span class='ocrx_word' id='word_1_168' title='bbox 2475 2236 2800 2322; x_wconf 73' lang='lat' dir='ltr'><strong>praesertim</strong></span> 
     </span>
     <span class='ocr_line' id='line_1_18' title="bbox 485 2320 2801 2408; baseline 0 -23"><span class='ocrx_word' id='word_1_169' title='bbox 485 2320 770 2386; x_wconf 87' lang='lat' dir='ltr'><strong>elmorrus</strong></span> <span class='ocrx_word' id='word_1_170' title='bbox 816 2320 1050 2387; x_wconf 78' lang='lat' dir='ltr'><strong>O&#39;Bclli</strong></span> <span class='ocrx_word' id='word_1_171' title='bbox 1097 2322 1383 2408; x_wconf 88' lang='lat' dir='ltr'><strong>principis</strong></span> <span class='ocrx_word' id='word_1_172' title='bbox 1420 2320 1576 2386; x_wconf 90' lang='lat' dir='ltr'><strong>filius</strong></span> <span class='ocrx_word' id='word_1_173' title='bbox 1608 2321 1681 2386; x_wconf 88' lang='lat' dir='ltr'><strong>ab</strong></span> <span class='ocrx_word' id='word_1_174' title='bbox 1710 2345 1900 2387; x_wconf 87' lang='lat' dir='ltr'><strong>raram</strong></span> <span class='ocrx_word' id='word_1_175' title='bbox 1932 2330 2171 2388; x_wconf 85' lang='lat' dir='ltr'><strong>staturae</strong></span> <span class='ocrx_word' id='word_1_176' title='bbox 2200 2321 2571 2408; x_wconf 83' lang='lat' dir='ltr'><strong>elegantiam,</strong></span> <span class='ocrx_word' id='word_1_177' title='bbox 2603 2329 2663 2387; x_wconf 92' lang='lat' dir='ltr'><strong>et</strong></span> <span class='ocrx_word' id='word_1_178' title='bbox 2690 2322 2801 2386; x_wconf 88' lang='lat' dir='ltr'><strong>mi-</strong></span> 
     </span>
     <span class='ocr_line' id='line_1_19' title="bbox 409 2408 2801 2495; baseline 0.002 -24"><span class='ocrx_word' id='word_1_179' title='bbox 409 2428 534 2471; x_wconf 89' lang='lat' dir='ltr'><strong>ram</strong></span> <span class='ocrx_word' id='word_1_180' title='bbox 552 2408 722 2472; x_wconf 88' lang='lat' dir='ltr'><strong>faciei</strong></span> <span class='ocrx_word' id='word_1_181' title='bbox 740 2414 1109 2473; x_wconf 86' lang='lat' dir='ltr'><strong>venustatem</strong></span> <span class='ocrx_word' id='word_1_182' title='bbox 1126 2420 1521 2495; x_wconf 88' lang='lat' dir='ltr'><strong>cognomento</strong></span> <span class='ocrx_word' id='word_1_183' title='bbox 1541 2408 1816 2488; x_wconf 87' lang='lat' dir='ltr'><strong>Pulcher,</strong></span> <span class='ocrx_word' id='word_1_184' title='bbox 1838 2418 1898 2475; x_wconf 91' lang='lat' dir='ltr'><strong>et</strong></span> <span class='ocrx_word' id='word_1_185' title='bbox 1926 2409 2386 2495; x_wconf 87' lang='lat' dir='ltr'><strong>Christophorus</strong></span> <span class='ocrx_word' id='word_1_186' title='bbox 2412 2409 2801 2475; x_wconf 85' lang='lat' dir='ltr'><strong>SanLauren-</strong></span> 
     </span>
     <span class='ocr_line' id='line_1_20' title="bbox 409 2492 2799 2581; baseline 0.002 -24"><span class='ocrx_word' id='word_1_187' title='bbox 409 2493 532 2558; x_wconf 84' lang='lat' dir='ltr'><strong>tius</strong></span> <span class='ocrx_word' id='word_1_188' title='bbox 560 2492 813 2559; x_wconf 88' lang='lat' dir='ltr'><strong>Baronis</strong></span> <span class='ocrx_word' id='word_1_189' title='bbox 843 2494 1026 2559; x_wconf 81' lang='lat' dir='ltr'><strong>Hotae</strong></span> <span class='ocrx_word' id='word_1_190' title='bbox 1053 2495 1230 2561; x_wconf 84' lang='lat' dir='ltr'><strong>filius.</strong></span> <span class='ocrx_word' id='word_1_191' title='bbox 1320 2494 1422 2561; x_wconf 90' lang='lat' dir='ltr'><strong>Ibi</strong></span> <span class='ocrx_word' id='word_1_192' title='bbox 1449 2494 1654 2559; x_wconf 82' lang='lat' dir='ltr'><strong>nullus</strong></span> <span class='ocrx_word' id='word_1_193' title='bbox 1681 2504 1835 2581; x_wconf 83' lang='lat' dir='ltr'><strong>tyro,</strong></span> <span class='ocrx_word' id='word_1_194' title='bbox 1865 2495 2068 2561; x_wconf 82' lang='lat' dir='ltr'><strong>nullus</strong></span> <span class='ocrx_word' id='word_1_195' title='bbox 2089 2496 2316 2561; x_wconf 79' lang='lat' dir='ltr'><strong>militiae</strong></span> <span class='ocrx_word' id='word_1_196' title='bbox 2342 2496 2526 2561; x_wconf 89' lang='lat' dir='ltr'><strong>rudis.</strong></span> <span class='ocrx_word' id='word_1_197' title='bbox 2572 2496 2799 2561; x_wconf 86' lang='lat' dir='ltr'><strong>Omnes</strong></span> 
     </span>
     <span class='ocr_line' id='line_1_21' title="bbox 413 2580 2799 2668; baseline 0.001 -24"><span class='ocrx_word' id='word_1_198' title='bbox 413 2580 580 2644; x_wconf 90' lang='lat' dir='ltr'><strong>omni</strong></span> <span class='ocrx_word' id='word_1_199' title='bbox 608 2602 823 2663; x_wconf 88' lang='lat' dir='ltr'><strong>genere</strong></span> <span class='ocrx_word' id='word_1_200' title='bbox 851 2602 1148 2645; x_wconf 85' lang='lat' dir='ltr'><strong>armorum</strong></span> <span class='ocrx_word' id='word_1_201' title='bbox 1176 2581 1618 2646; x_wconf 85' lang='lat' dir='ltr'><strong>instructissimi</strong></span> <span class='ocrx_word' id='word_1_202' title='bbox 1645 2608 1660 2646; x_wconf 71' lang='grc' dir='ltr'><strong>ε</strong></span> <span class='ocrx_word' id='word_1_203' title='bbox 1705 2582 1953 2666; x_wconf 85' lang='lat' dir='ltr'><strong>pedites,</strong></span> <span class='ocrx_word' id='word_1_204' title='bbox 1977 2591 2038 2647; x_wconf 90' lang='lat' dir='ltr'><strong>et</strong></span> <span class='ocrx_word' id='word_1_205' title='bbox 2066 2583 2293 2668; x_wconf 83' lang='lat' dir='ltr'><strong>equites</strong></span> <span class='ocrx_word' id='word_1_206' title='bbox 2315 2583 2799 2666; x_wconf 83' lang='lat' dir='ltr'><strong>cataphractarii:</strong></span> 
     </span>
     <span class='ocr_line' id='line_1_22' title="bbox 409 2664 3001 2755; baseline 0.003 -24"><span class='ocrx_word' id='word_1_207' title='bbox 409 2664 809 2731; x_wconf 89' lang='lat' dir='ltr'><strong>bombardarii</strong></span> <span class='ocrx_word' id='word_1_208' title='bbox 837 2666 935 2731; x_wconf 88' lang='lat' dir='ltr'><strong>alii</strong></span> <span class='ocrx_word' id='word_1_209' title='bbox 963 2667 1264 2751; x_wconf 84' lang='lat' dir='ltr'><strong>gravibus,</strong></span> <span class='ocrx_word' id='word_1_210' title='bbox 1293 2666 1396 2732; x_wconf 89' lang='lat' dir='ltr'><strong>alii</strong></span> <span class='ocrx_word' id='word_1_211' title='bbox 1421 2666 1652 2733; x_wconf 88' lang='lat' dir='ltr'><strong>levibus</strong></span> <span class='ocrx_word' id='word_1_212' title='bbox 1681 2667 1898 2753; x_wconf 89' lang='lat' dir='ltr'><strong>sclopis</strong></span> <span class='ocrx_word' id='word_1_213' title='bbox 1927 2668 2003 2733; x_wconf 88' lang='lat' dir='ltr'><strong>ad</strong></span> <span class='ocrx_word' id='word_1_214' title='bbox 2028 2691 2293 2755; x_wconf 89' lang='lat' dir='ltr'><strong>pugnam</strong></span> <span class='ocrx_word' id='word_1_215' title='bbox 2310 2669 2555 2754; x_wconf 74' lang='lat' dir='ltr'><strong>parati‚ll</strong></span> <span class='ocrx_word' id='word_1_216' title='bbox 2582 2670 2801 2755; x_wconf 84' lang='lat' dir='ltr'><strong>gladio,</strong></span> <span class='ocrx_word' id='word_1_217' title='bbox 2822 2668 3001 2738; x_wconf 70' lang='lat'><strong>[¹⁵2]</strong></span> 
     </span>
     <span class='ocr_line' id='line_1_23' title="bbox 413 2752 2801 2839; baseline 0.002 -23"><span class='ocrx_word' id='word_1_218' title='bbox 413 2758 475 2817; x_wconf 90' lang='lat' dir='ltr'><strong>et</strong></span> <span class='ocrx_word' id='word_1_219' title='bbox 503 2752 754 2837; x_wconf 85' lang='lat' dir='ltr'><strong>pugioni</strong></span> <span class='ocrx_word' id='word_1_220' title='bbox 805 2753 1074 2827; x_wconf 85' lang='lat' dir='ltr'><strong>accincti,</strong></span> <span class='ocrx_word' id='word_1_221' title='bbox 1105 2754 1287 2839; x_wconf 87' lang='lat' dir='ltr'><strong>galeis</strong></span> <span class='ocrx_word' id='word_1_222' title='bbox 1333 2754 1525 2839; x_wconf 85' lang='lat' dir='ltr'><strong>capita</strong></span> <span class='ocrx_word' id='word_1_223' title='bbox 1575 2754 2003 2819; x_wconf 87' lang='lat' dir='ltr'><strong>munientibus.</strong></span> <span class='ocrx_word' id='word_1_224' title='bbox 2089 2756 2279 2819; x_wconf 85' lang='lat' dir='ltr'><strong>Totus</strong></span> <span class='ocrx_word' id='word_1_225' title='bbox 2328 2756 2619 2820; x_wconf 87' lang='lat' dir='ltr'><strong>exercitus</strong></span> <span class='ocrx_word' id='word_1_226' title='bbox 2710 2756 2801 2819; x_wconf 90' lang='lat' dir='ltr'><strong>lu-</strong></span> 
     </span>
     <span class='ocr_line' id='line_1_24' title="bbox 413 2778 2800 2927; baseline 0.002 -25"><span class='ocrx_word' id='word_1_227' title='bbox 413 2838 562 2904; x_wconf 87' lang='lat' dir='ltr'><strong>meis</strong></span> <span class='ocrx_word' id='word_1_228' title='bbox 591 2837 878 2925; x_wconf 87' lang='lat' dir='ltr'><strong>apicibus,</strong></span> <span class='ocrx_word' id='word_1_229' title='bbox 910 2839 1110 2905; x_wconf 88' lang='lat' dir='ltr'><strong>sericis</strong></span> <span class='ocrx_word' id='word_1_230' title='bbox 1141 2839 1411 2918; x_wconf 88' lang='lat' dir='ltr'><strong>baltheis,</strong></span> <span class='ocrx_word' id='word_1_231' title='bbox 1431 2840 1774 2925; x_wconf 83' lang='lat' dir='ltr'><strong>caeterisque</strong></span> <span class='ocrx_word' id='word_1_232' title='bbox 1790 2839 2143 2906; x_wconf 83' lang='lat' dir='ltr'><strong>militaribus</strong></span> <span class='ocrx_word' id='word_1_233' title='bbox 2160 2841 2496 2927; x_wconf 85' lang='lat' dir='ltr'><strong>insignibus</strong></span> <span class='ocrx_word' id='word_1_234' title='bbox 2512 2778 2800 2927; x_wconf 58' lang='lat' dir='ltr'><strong>fulgebat.</strong></span> 
     </span>
     <span class='ocr_line' id='line_1_25' title="bbox 412 2924 2803 3014; baseline 0.002 -25"><span class='ocrx_word' id='word_1_235' title='bbox 412 2924 608 2991; x_wconf 86' lang='lat' dir='ltr'><strong>AEnea</strong></span> <span class='ocrx_word' id='word_1_236' title='bbox 657 2926 1131 2991; x_wconf 89' lang='lat' dir='ltr'><strong>machinamenta</strong></span> <span class='ocrx_word' id='word_1_237' title='bbox 1179 2928 1326 2991; x_wconf 87' lang='lat' dir='ltr'><strong>rotis</strong></span> <span class='ocrx_word' id='word_1_238' title='bbox 1375 2924 1762 3007; x_wconf 84' lang='lat' dir='ltr'><strong>vehebantur,</strong></span> <span class='ocrx_word' id='word_1_239' title='bbox 1791 2927 2167 2993; x_wconf 86' lang='lat' dir='ltr'><strong>trahentibus</strong></span> <span class='ocrx_word' id='word_1_240' title='bbox 2210 2929 2394 3013; x_wconf 89' lang='lat' dir='ltr'><strong>equis.</strong></span> <span class='ocrx_word' id='word_1_241' title='bbox 2486 2928 2803 3014; x_wconf 87' lang='lat' dir='ltr'><strong>Sulphurei</strong></span> 
     </span>
     <span class='ocr_line' id='line_1_26' title="bbox 456 3011 2799 3101; baseline 0.002 -25"><span class='ocrx_word' id='word_1_242' title='bbox 456 3011 695 3092; x_wconf 72' lang='lat' dir='ltr'><strong>ulveriS,</strong></span> <span class='ocrx_word' id='word_1_243' title='bbox 719 3011 1033 3099; x_wconf 88' lang='lat' dir='ltr'><strong>globorum</strong></span> <span class='ocrx_word' id='word_1_244' title='bbox 1049 3014 1395 3093; x_wconf 88' lang='lat' dir='ltr'><strong>ferreorum,</strong></span> <span class='ocrx_word' id='word_1_245' title='bbox 1419 3020 1598 3100; x_wconf 89' lang='lat' dir='ltr'><strong>atque</strong></span> <span class='ocrx_word' id='word_1_246' title='bbox 1619 3014 2035 3101; x_wconf 89' lang='lat' dir='ltr'><strong>plumbeorum</strong></span> <span class='ocrx_word' id='word_1_247' title='bbox 2062 3015 2153 3079; x_wconf 84' lang='lat' dir='ltr'><strong>vis</strong></span> <span class='ocrx_word' id='word_1_248' title='bbox 2180 3037 2397 3100; x_wconf 87' lang='lat' dir='ltr'><strong>magna</strong></span> <span class='ocrx_word' id='word_1_249' title='bbox 2426 3014 2799 3101; x_wconf 86' lang='lat' dir='ltr'><strong>suppetebat.</strong></span> 
     </span>
     <span class='ocr_line' id='line_1_27' title="bbox 412 3034 2803 3188; baseline 0.001 -23"><span class='ocrx_word' id='word_1_250' title='bbox 412 3034 658 3178; x_wconf 56' lang='lat' dir='ltr'><strong>¹(labelli,</strong></span> <span class='ocrx_word' id='word_1_251' title='bbox 689 3098 1006 3186; x_wconf 85' lang='lat' dir='ltr'><strong>bovesque,</strong></span> <span class='ocrx_word' id='word_1_252' title='bbox 1037 3098 1284 3166; x_wconf 88' lang='lat' dir='ltr'><strong>biscocti</strong></span> <span class='ocrx_word' id='word_1_253' title='bbox 1312 3100 1500 3187; x_wconf 88' lang='lat' dir='ltr'><strong>panis,</strong></span> <span class='ocrx_word' id='word_1_254' title='bbox 1533 3100 1700 3165; x_wconf 84' lang='lat' dir='ltr'><strong>salsae</strong></span> <span class='ocrx_word' id='word_1_255' title='bbox 1729 3102 1939 3180; x_wconf 87' lang='lat' dir='ltr'><strong>carnis,</strong></span> <span class='ocrx_word' id='word_1_256' title='bbox 1970 3102 2143 3179; x_wconf 86' lang='lat' dir='ltr'><strong>casei,</strong></span> <span class='ocrx_word' id='word_1_257' title='bbox 2184 3100 2405 3188; x_wconf 87' lang='lat' dir='ltr'><strong>butyri,</strong></span> <span class='ocrx_word' id='word_1_258' title='bbox 2428 3102 2681 3169; x_wconf 85' lang='lat' dir='ltr'><strong>servitiae</strong></span> <span class='ocrx_word' id='word_1_259' title='bbox 2710 3110 2803 3167; x_wconf 88' lang='lat' dir='ltr'><strong>sat</strong></span> 
     </span>
     <span class='ocr_line' id='line_1_28' title="bbox 414 3186 2801 3275; baseline 0.002 -25"><span class='ocrx_word' id='word_1_260' title='bbox 414 3192 475 3250; x_wconf 90' lang='lat' dir='ltr'><strong>et</strong></span> <span class='ocrx_word' id='word_1_261' title='bbox 525 3186 809 3252; x_wconf 83' lang='lat' dir='ltr'><strong>exercitui</strong></span> <span class='ocrx_word' id='word_1_262' title='bbox 856 3187 923 3252; x_wconf 90' lang='lat' dir='ltr'><strong>in</strong></span> <span class='ocrx_word' id='word_1_263' title='bbox 971 3188 1216 3267; x_wconf 85' lang='lat' dir='ltr'><strong>victum,</strong></span> <span class='ocrx_word' id='word_1_264' title='bbox 1269 3196 1332 3253; x_wconf 88' lang='lat' dir='ltr'><strong>et</strong></span> <span class='ocrx_word' id='word_1_265' title='bbox 1379 3188 1500 3253; x_wconf 88' lang='lat' dir='ltr'><strong>arci</strong></span> <span class='ocrx_word' id='word_1_266' title='bbox 1547 3186 1847 3254; x_wconf 88' lang='lat' dir='ltr'><strong>Portmori</strong></span> <span class='ocrx_word' id='word_1_267' title='bbox 1892 3189 1959 3254; x_wconf 91' lang='lat' dir='ltr'><strong>in</strong></span> <span class='ocrx_word' id='word_1_268' title='bbox 2003 3196 2395 3255; x_wconf 89' lang='lat' dir='ltr'><strong>commeatum</strong></span> <span class='ocrx_word' id='word_1_269' title='bbox 2463 3188 2801 3275; x_wconf 85' lang='lat' dir='ltr'><strong>portabant.</strong></span> 
     </span>
     <span class='ocr_line' id='line_1_29' title="bbox 413 3272 2807 3362; baseline 0.002 -25"><span class='ocrx_word' id='word_1_270' title='bbox 413 3272 847 3359; x_wconf 83' lang='lat' dir='ltr'><strong>Impedimenta</strong></span> <span class='ocrx_word' id='word_1_271' title='bbox 872 3274 1168 3341; x_wconf 88' lang='lat' dir='ltr'><strong>muliones</strong></span> <span class='ocrx_word' id='word_1_272' title='bbox 1195 3274 1646 3354; x_wconf 81' lang='lat' dir='ltr'><strong>comitabantur,</strong></span> <span class='ocrx_word' id='word_1_273' title='bbox 1671 3274 1944 3355; x_wconf 83' lang='lat' dir='ltr'><strong>lixarum,</strong></span> <span class='ocrx_word' id='word_1_274' title='bbox 1962 3276 2492 3362; x_wconf 89' lang='lat' dir='ltr'><strong>pabulatorumque</strong></span> <span class='ocrx_word' id='word_1_275' title='bbox 2518 3298 2807 3342; x_wconf 86' lang='lat' dir='ltr'><strong>numerus</strong></span> 
     </span>
     <span class='ocr_line' id='line_1_30' title="bbox 329 3360 2783 3446; baseline 0.002 -22"><span class='ocrx_word' id='word_1_276' title='bbox 329 3384 337 3389; x_wconf 94' lang='lat'>·</span> <span class='ocrx_word' id='word_1_277' title='bbox 413 3382 666 3445; x_wconf 88' lang='lat' dir='ltr'><strong>magnus</strong></span> <span class='ocrx_word' id='word_1_278' title='bbox 706 3360 1078 3446; x_wconf 85' lang='lat' dir='ltr'><strong>sequebatur.</strong></span> <span class='ocrx_word' id='word_1_279' title='bbox 2312 3416 2317 3421; x_wconf 93' lang='lat'><strong>.</strong></span> <span class='ocrx_word' id='word_1_280' title='bbox 2775 3404 2783 3413; x_wconf 89' lang='lat'><strong>·</strong></span> 
     </span>
     <span class='ocr_line' id='line_1_31' title="bbox 497 3445 2803 3535; baseline 0.002 -24"><span class='ocrx_word' id='word_1_281' title='bbox 497 3445 774 3513; x_wconf 89' lang='lat' dir='ltr'><strong>Distabat</strong></span> <span class='ocrx_word' id='word_1_282' title='bbox 802 3448 839 3512; x_wconf 72' lang='lat' dir='ltr'><strong>a</strong></span> <span class='ocrx_word' id='word_1_283' title='bbox 864 3448 1129 3535; x_wconf 83' lang='lat' dir='ltr'><strong>Bagnale</strong></span> <span class='ocrx_word' id='word_1_284' title='bbox 1155 3447 1434 3513; x_wconf 89' lang='lat' dir='ltr'><strong>Portmor</strong></span> <span class='ocrx_word' id='word_1_285' title='bbox 1459 3472 1564 3514; x_wconf 84' lang='lat' dir='ltr'><strong>arx</strong></span> <span class='ocrx_word' id='word_1_286' title='bbox 1589 3447 1784 3515; x_wconf 85' lang='lat' dir='ltr'><strong>tribus‘</strong></span> <span class='ocrx_word' id='word_1_287' title='bbox 1812 3448 2075 3515; x_wconf 84' lang='lat' dir='ltr'><strong>millibus</strong></span> <span class='ocrx_word' id='word_1_288' title='bbox 2144 3472 2386 3515; x_wconf 85' lang='lat' dir='ltr'><strong>assuum</strong></span> <span class='ocrx_word' id='word_1_289' title='bbox 2413 3449 2705 3515; x_wconf 88' lang='lat' dir='ltr'><strong>Ibernicis</strong></span> <span class='ocrx_word' id='word_1_290' title='bbox 2727 3449 2803 3516; x_wconf 88' lang='lat' dir='ltr'><strong>ab</strong></span> 
     </span>
     <span class='ocr_line' id='line_1_32' title="bbox 415 3530 2801 3623; baseline 0.002 -27"><span class='ocrx_word' id='word_1_291' title='bbox 415 3530 672 3599; x_wconf 86' lang='lat' dir='ltr'><strong>O&#39;Nello</strong></span> <span class='ocrx_word' id='word_1_292' title='bbox 724 3533 979 3613; x_wconf 87' lang='lat' dir='ltr'><strong>obsessa,</strong></span> <span class='ocrx_word' id='word_1_293' title='bbox 1012 3544 1073 3600; x_wconf 92' lang='lat' dir='ltr'><strong>et</strong></span> <span class='ocrx_word' id='word_1_294' title='bbox 1101 3534 1298 3599; x_wconf 83' lang='lat' dir='ltr'><strong>inedia</strong></span> <span class='ocrx_word' id='word_1_295' title='bbox 1345 3534 1640 3601; x_wconf 76' lang='lat' dir='ltr'><strong>laborans·</strong></span> <span class='ocrx_word' id='word_1_296' title='bbox 1729 3536 1854 3607; x_wconf 78' lang='lat' dir='ltr'><strong>Qui</strong></span> <span class='ocrx_word' id='word_1_297' title='bbox 1899 3558 2036 3601; x_wconf 87' lang='lat' dir='ltr'><strong>cum</strong></span> <span class='ocrx_word' id='word_1_298' title='bbox 2126 3560 2159 3601; x_wconf 95' lang='lat' dir='ltr'><strong>e</strong></span> <span class='ocrx_word' id='word_1_299' title='bbox 2213 3537 2495 3623; x_wconf 87' lang='lat' dir='ltr'><strong>Bagnalis</strong></span> <span class='ocrx_word' id='word_1_300' title='bbox 2540 3537 2801 3602; x_wconf 87' lang='lat' dir='ltr'><strong>adventu</strong></span> 
     </span>
     <span class='ocr_line' id='line_1_33' title="bbox 411 3619 2798 3708; baseline 0.001 -24"><span class='ocrx_word' id='word_1_301' title='bbox 411 3619 814 3699; x_wconf 81' lang='lat' dir='ltr'><strong>intellexisset,</strong></span> <span class='ocrx_word' id='word_1_302' title='bbox 845 3628 1050 3686; x_wconf 89' lang='lat' dir='ltr'><strong>contra</strong></span> <span class='ocrx_word' id='word_1_303' title='bbox 1077 3620 1250 3686; x_wconf 88' lang='lat' dir='ltr'><strong>illum</strong></span> <span class='ocrx_word' id='word_1_304' title='bbox 1277 3630 1466 3687; x_wconf 88' lang='lat' dir='ltr'><strong>castra</strong></span> <span class='ocrx_word' id='word_1_305' title='bbox 1486 3632 1650 3688; x_wconf 85' lang='lat' dir='ltr'><strong>mota</strong></span> <span class='ocrx_word' id='word_1_306' title='bbox 1663 3622 1829 3688; x_wconf 91' lang='lat' dir='ltr'><strong>mille</strong></span> <span class='ocrx_word' id='word_1_307' title='bbox 1853 3621 2126 3708; x_wconf 87' lang='lat' dir='ltr'><strong>passibus</strong></span> <span class='ocrx_word' id='word_1_308' title='bbox 2155 3624 2313 3688; x_wconf 87' lang='lat' dir='ltr'><strong>ultra</strong></span> <span class='ocrx_word' id='word_1_309' title='bbox 2339 3624 2798 3703; x_wconf 89' lang='lat' dir='ltr'><strong>munimentum,</strong></span> 
     </span>
     <span class='ocr_line' id='line_1_34' title="bbox 413 3706 2799 3796; baseline 0.002 -26"><span class='ocrx_word' id='word_1_310' title='bbox 413 3712 474 3769; x_wconf 88' lang='lat' dir='ltr'><strong>et</strong></span> <span class='ocrx_word' id='word_1_311' title='bbox 500 3708 658 3772; x_wconf 84' lang='lat' dir='ltr'><strong>intra</strong></span> <span class='ocrx_word' id='word_1_312' title='bbox 687 3706 809 3773; x_wconf 88' lang='lat' dir='ltr'><strong>duo</strong></span> <span class='ocrx_word' id='word_1_313' title='bbox 836 3707 1024 3773; x_wconf 84' lang='lat' dir='ltr'><strong>millia</strong></span> <span class='ocrx_word' id='word_1_314' title='bbox 1067 3730 1349 3795; x_wconf 87' lang='lat' dir='ltr'><strong>passuum</strong></span> <span class='ocrx_word' id='word_1_315' title='bbox 1379 3708 1452 3773; x_wconf 87' lang='lat' dir='ltr'><strong>ad</strong></span> <span class='ocrx_word' id='word_1_316' title='bbox 1485 3710 1842 3775; x_wconf 86' lang='lat' dir='ltr'><strong>Armacham</strong></span> <span class='ocrx_word' id='word_1_317' title='bbox 1891 3708 2159 3790; x_wconf 88' lang='lat' dir='ltr'><strong>collocat,</strong></span> <span class='ocrx_word' id='word_1_318' title='bbox 2190 3709 2411 3774; x_wconf 90' lang='lat' dir='ltr'><strong>relictis</strong></span> <span class='ocrx_word' id='word_1_319' title='bbox 2439 3710 2664 3796; x_wconf 86' lang='lat' dir='ltr'><strong>paucis,</strong></span> <span class='ocrx_word' id='word_1_320' title='bbox 2695 3712 2799 3795; x_wconf 92' lang='lat' dir='ltr'><strong>qui</strong></span> 
     </span>
     <span class='ocr_line' id='line_1_35' title="bbox 413 3791 2799 3883; baseline 0.002 -25"><span class='ocrx_word' id='word_1_321' title='bbox 413 3791 740 3859; x_wconf 89' lang='lat' dir='ltr'><strong>Portmoris</strong></span> <span class='ocrx_word' id='word_1_322' title='bbox 788 3803 1258 3880; x_wconf 76' lang='lat' dir='ltr'><strong>propugnatores</strong></span> <span class='ocrx_word' id='word_1_323' title='bbox 1307 3796 1718 3881; x_wconf 88' lang='lat' dir='ltr'><strong>eruptionibus</strong></span> <span class='ocrx_word' id='word_1_324' title='bbox 1761 3795 2135 3883; x_wconf 85' lang='lat' dir='ltr'><strong>prohibeant.</strong></span> <span class='ocrx_word' id='word_1_325' title='bbox 2218 3796 2313 3862; x_wconf 89' lang='lat' dir='ltr'><strong>Eo</strong></span> <span class='ocrx_word' id='word_1_326' title='bbox 2365 3795 2461 3860; x_wconf 91' lang='lat' dir='ltr'><strong>die</strong></span> <span class='ocrx_word' id='word_1_327' title='bbox 2509 3795 2799 3862; x_wconf 88' lang='lat' dir='ltr'><strong>Catholici</strong></span> 
     </span>
     <span class='ocr_line' id='line_1_36' title="bbox 414 3880 2803 3969; baseline 0.002 -24"><span class='ocrx_word' id='word_1_328' title='bbox 414 3888 828 3947; x_wconf 84' lang='lat' dir='ltr'><strong>recensuerant</strong></span> <span class='ocrx_word' id='word_1_329' title='bbox 873 3880 1143 3967; x_wconf 90' lang='lat' dir='ltr'><strong>peditum</strong></span> <span class='ocrx_word' id='word_1_330' title='bbox 1191 3888 1450 3967; x_wconf 88' lang='lat' dir='ltr'><strong>quatuor</strong></span> <span class='ocrx_word' id='word_1_331' title='bbox 1494 3882 1698 3963; x_wconf 86' lang='lat' dir='ltr'><strong>millia,</strong></span> <span class='ocrx_word' id='word_1_332' title='bbox 1728 3890 1790 3947; x_wconf 93' lang='lat' dir='ltr'><strong>et</strong></span> <span class='ocrx_word' id='word_1_333' title='bbox 1819 3883 2198 3969; x_wconf 88' lang='lat' dir='ltr'><strong>quingentos,</strong></span> <span class='ocrx_word' id='word_1_334' title='bbox 2226 3889 2289 3947; x_wconf 91' lang='lat' dir='ltr'><strong>et</strong></span> <span class='ocrx_word' id='word_1_335' title='bbox 2316 3906 2349 3947; x_wconf 90' lang='lat' dir='ltr'><strong>e</strong></span> <span class='ocrx_word' id='word_1_336' title='bbox 2390 3884 2543 3947; x_wconf 87' lang='lat' dir='ltr'><strong>uites</strong></span> <span class='ocrx_word' id='word_1_337' title='bbox 2572 3884 2803 3949; x_wconf 87' lang='lat' dir='ltr'><strong>circiter</strong></span> 
     </span>
     <span class='ocr_line' id='line_1_37' title="bbox 416 3967 2803 4055; baseline 0.002 -24"><span class='ocrx_word' id='word_1_338' title='bbox 416 3976 744 4033; x_wconf 80' lang='lat' dir='ltr'><strong>sexcentos.</strong></span> <span class='ocrx_word' id='word_1_339' title='bbox 833 3968 1120 4034; x_wconf 85' lang='lat' dir='ltr'><strong>Interfuit</strong></span> <span class='ocrx_word' id='word_1_340' title='bbox 1168 3967 1558 4048; x_wconf 84' lang='lat' dir='ltr'><strong>O&#39;Donellus,</strong></span> <span class='ocrx_word' id='word_1_341' title='bbox 1588 3971 1692 4055; x_wconf 91' lang='lat' dir='ltr'><strong>qui</strong></span> <span class='ocrx_word' id='word_1_342' title='bbox 1732 3968 2115 4035; x_wconf 87' lang='lat' dir='ltr'><strong>Connachtos</strong></span> <span class='ocrx_word' id='word_1_343' title='bbox 2144 3968 2295 4035; x_wconf 89' lang='lat' dir='ltr'><strong>duce</strong></span> <span class='ocrx_word' id='word_1_344' title='bbox 2396 3992 2465 4035; x_wconf 85' lang='lat' dir='ltr'><strong>ac</strong></span> <span class='ocrx_word' id='word_1_345' title='bbox 2492 3968 2803 4035; x_wconf 86' lang='lat' dir='ltr'><strong>Williamo</strong></span> 
     </span>
     <span class='ocr_line' id='line_1_38' title="bbox 413 4052 2801 4142; baseline 0.002 -24"><span class='ocrx_word' id='word_1_346' title='bbox 413 4052 623 4119; x_wconf 79' lang='lat' dir='ltr'><strong>Burko</strong></span> <span class='ocrx_word' id='word_1_347' title='bbox 653 4054 1043 4141; x_wconf 87' lang='lat' dir='ltr'><strong>stipendiatos</strong></span> <span class='ocrx_word' id='word_1_348' title='bbox 1072 4056 1303 4120; x_wconf 89' lang='lat' dir='ltr'><strong>circiter</strong></span> <span class='ocrx_word' id='word_1_349' title='bbox 1327 4054 1511 4135; x_wconf 90' lang='lat' dir='ltr'><strong>mille,</strong></span> <span class='ocrx_word' id='word_1_350' title='bbox 1541 4064 1602 4121; x_wconf 91' lang='lat' dir='ltr'><strong>et</strong></span> <span class='ocrx_word' id='word_1_351' title='bbox 1641 4056 2049 4121; x_wconf 83' lang='lat' dir='ltr'><strong>Tirconnellos</strong></span> <span class='ocrx_word' id='word_1_352' title='bbox 2078 4079 2239 4135; x_wconf 85' lang='lat' dir='ltr'><strong>suos,</strong></span> <span class='ocrx_word' id='word_1_353' title='bbox 2268 4062 2553 4142; x_wconf 88' lang='lat' dir='ltr'><strong>utrosque</strong></span> <span class='ocrx_word' id='word_1_354' title='bbox 2582 4057 2659 4123; x_wconf 90' lang='lat' dir='ltr'><strong>ad</strong></span> <span class='ocrx_word' id='word_1_355' title='bbox 2688 4080 2801 4123; x_wconf 89' lang='lat' dir='ltr'><strong>nu-</strong></span> 
     </span>
     <span class='ocr_line' id='line_1_39' title="bbox 413 4141 2803 4229; baseline 0.002 -25"><span class='ocrx_word' id='word_1_356' title='bbox 413 4162 643 4205; x_wconf 88' lang='lat' dir='ltr'><strong>merum</strong></span> <span class='ocrx_word' id='word_1_357' title='bbox 671 4142 927 4207; x_wconf 90' lang='lat' dir='ltr'><strong>duorum</strong></span> <span class='ocrx_word' id='word_1_358' title='bbox 955 4142 1208 4208; x_wconf 88' lang='lat' dir='ltr'><strong>millium</strong></span> <span class='ocrx_word' id='word_1_359' title='bbox 1258 4142 1452 4207; x_wconf 84' lang='lat' dir='ltr'><strong>duxit.</strong></span> <span class='ocrx_word' id='word_1_360' title='bbox 1537 4141 1750 4208; x_wconf 80' lang='lat' dir='ltr'><strong>Caeteri</strong></span> <span class='ocrx_word' id='word_1_361' title='bbox 1779 4142 2129 4226; x_wconf 87' lang='lat' dir='ltr'><strong>O&#39;Nellum,</strong></span> <span class='ocrx_word' id='word_1_362' title='bbox 2155 4144 2283 4229; x_wconf 89' lang='lat' dir='ltr'><strong>ejus</strong></span> <span class='ocrx_word' id='word_1_363' title='bbox 2310 4144 2541 4223; x_wconf 86' lang='lat' dir='ltr'><strong>fratres,</strong></span> <span class='ocrx_word' id='word_1_364' title='bbox 2570 4150 2633 4208; x_wconf 91' lang='lat' dir='ltr'><strong>et</strong></span> <span class='ocrx_word' id='word_1_365' title='bbox 2660 4167 2803 4209; x_wconf 88' lang='lat' dir='ltr'><strong>con·</strong></span> 
     </span>
     <span class='ocr_line' id='line_1_40' title="bbox 415 4228 2802 4316; baseline 0.002 -24"><span class='ocrx_word' id='word_1_366' title='bbox 415 4228 791 4313; x_wconf 83' lang='lat' dir='ltr'><strong>sanguineos,</strong></span> <span class='ocrx_word' id='word_1_367' title='bbox 842 4236 904 4294; x_wconf 91' lang='lat' dir='ltr'><strong>et</strong></span> <span class='ocrx_word' id='word_1_368' title='bbox 953 4236 1260 4315; x_wconf 86' lang='lat' dir='ltr'><strong>magnates</strong></span> <span class='ocrx_word' id='word_1_369' title='bbox 1309 4250 1446 4294; x_wconf 87' lang='lat' dir='ltr'><strong>cum</strong></span> <span class='ocrx_word' id='word_1_370' title='bbox 1492 4251 1563 4294; x_wconf 88' lang='lat' dir='ltr'><strong>eo</strong></span> <span class='ocrx_word' id='word_1_371' title='bbox 1609 4229 1792 4295; x_wconf 88' lang='lat' dir='ltr'><strong>veteri</strong></span> <span class='ocrx_word' id='word_1_372' title='bbox 1835 4231 1971 4316; x_wconf 83' lang='lat' dir='ltr'><strong>jure</strong></span> <span class='ocrx_word' id='word_1_373' title='bbox 1998 4232 2351 4296; x_wconf 88' lang='lat' dir='ltr'><strong>con&#39;unetos</strong></span> <span class='ocrx_word' id='word_1_374' title='bbox 2378 4230 2802 4315; x_wconf 88' lang='lat' dir='ltr'><strong>sequebantur.</strong></span> 
     </span>
     <span class='ocr_line' id='line_1_41' title="bbox 415 4254 2801 4403; baseline 0.002 -24"><span class='ocrx_word' id='word_1_375' title='bbox 415 4316 508 4379; x_wconf 80' lang='lat' dir='ltr'><strong>Ac</strong></span> <span class='ocrx_word' id='word_1_376' title='bbox 557 4314 732 4400; x_wconf 72' lang='lat' dir='ltr'><strong>plane</strong></span> <span class='ocrx_word' id='word_1_377' title='bbox 783 4314 854 4381; x_wconf 86' lang='lat' dir='ltr'><strong>e6</strong></span> <span class='ocrx_word' id='word_1_378' title='bbox 905 4323 1259 4381; x_wconf 88' lang='lat' dir='ltr'><strong>convenerat</strong></span> <span class='ocrx_word' id='word_1_379' title='bbox 1303 4316 1496 4380; x_wconf 90' lang='lat' dir='ltr'><strong>omnis</strong></span> <span class='ocrx_word' id='word_1_380' title='bbox 1545 4315 1668 4381; x_wconf 74' lang='lat' dir='ltr'><strong>fere</strong></span> <span class='ocrx_word' id='word_1_381' title='bbox 1714 4316 1981 4382; x_wconf 82' lang='lat' dir='ltr'><strong>Ultoniae</strong></span> <span class='ocrx_word' id='word_1_382' title='bbox 2023 4254 2241 4383; x_wconf 63' lang='lat' dir='ltr'><strong>nobilis</strong></span> <span class='ocrx_word' id='word_1_383' title='bbox 2286 4318 2592 4403; x_wconf 85' lang='lat' dir='ltr'><strong>juventus,</strong></span> <span class='ocrx_word' id='word_1_384' title='bbox 2622 4324 2801 4403; x_wconf 88' lang='lat' dir='ltr'><strong>atque</strong></span> 
     </span>
     <span class='ocr_line' id='line_1_42' title="bbox 413 4400 2801 4489; baseline 0.002 -24"><span class='ocrx_word' id='word_1_385' title='bbox 413 4400 590 4467; x_wconf 89' lang='lat' dir='ltr'><strong>multi</strong></span> <span class='ocrx_word' id='word_1_386' title='bbox 639 4402 973 4468; x_wconf 86' lang='lat' dir='ltr'><strong>Gonnachti</strong></span> <span class='ocrx_word' id='word_1_387' title='bbox 1010 4404 1260 4489; x_wconf 87' lang='lat' dir='ltr'><strong>juvenes</strong></span> <span class='ocrx_word' id='word_1_388' title='bbox 1309 4410 1446 4468; x_wconf 88' lang='lat' dir='ltr'><strong>ortu</strong></span> <span class='ocrx_word' id='word_1_389' title='bbox 1493 4404 1737 4468; x_wconf 88' lang='lat' dir='ltr'><strong>minime</strong></span> <span class='ocrx_word' id='word_1_390' title='bbox 1787 4403 2045 4469; x_wconf 88' lang='lat' dir='ltr'><strong>obscuri.</strong></span> <span class='ocrx_word' id='word_1_391' title='bbox 2130 4404 2323 4469; x_wconf 85' lang='lat' dir='ltr'><strong>Erant</strong></span> <span class='ocrx_word' id='word_1_392' title='bbox 2370 4411 2571 4469; x_wconf 88' lang='lat' dir='ltr'><strong>tamen</strong></span> <span class='ocrx_word' id='word_1_393' title='bbox 2622 4405 2801 4470; x_wconf 87' lang='lat' dir='ltr'><strong>armis</strong></span> 
     </span>
     <span class='ocr_line' id='line_1_43' title="bbox 413 4486 2799 4577; baseline 0.002 -26"><span class='ocrx_word' id='word_1_394' title='bbox 413 4486 592 4574; x_wconf 73' lang='lat' dir='ltr'><strong>longe</strong></span> <span class='ocrx_word' id='word_1_395' title='bbox 618 4489 944 4569; x_wconf 82' lang='lat' dir='ltr'><strong>inferiores,</strong></span> <span class='ocrx_word' id='word_1_396' title='bbox 970 4511 1228 4577; x_wconf 87' lang='lat' dir='ltr'><strong>namque</strong></span> <span class='ocrx_word' id='word_1_397' title='bbox 1255 4496 1386 4554; x_wconf 92' lang='lat' dir='ltr'><strong>tum</strong></span> <span class='ocrx_word' id='word_1_398' title='bbox 1432 4490 1750 4574; x_wconf 88' lang='lat' dir='ltr'><strong>equitatus,</strong></span> <span class='ocrx_word' id='word_1_399' title='bbox 1799 4497 1933 4555; x_wconf 88' lang='lat' dir='ltr'><strong>tum</strong></span> <span class='ocrx_word' id='word_1_400' title='bbox 1960 4490 2259 4575; x_wconf 87' lang='lat' dir='ltr'><strong>peditatus</strong></span> <span class='ocrx_word' id='word_1_401' title='bbox 2287 4497 2415 4555; x_wconf 90' lang='lat' dir='ltr'><strong>erat</strong></span> <span class='ocrx_word' id='word_1_402' title='bbox 2437 4491 2585 4555; x_wconf 82' lang='lat' dir='ltr'><strong>levis</strong></span> <span class='ocrx_word' id='word_1_403' title='bbox 2612 4513 2799 4557; x_wconf 86' lang='lat' dir='ltr'><strong>arma-</strong></span> 
     </span>
     <span class='ocr_line' id='line_1_44' title="bbox 414 4575 2801 4663; baseline 0.002 -25"><span class='ocrx_word' id='word_1_404' title='bbox 414 4580 568 4640; x_wconf 77' lang='lat' dir='ltr'><strong>turae</strong></span> <span class='ocrx_word' id='word_1_405' title='bbox 594 4588 808 4661; x_wconf 80' lang='lat' dir='ltr'><strong>praeter</strong></span> <span class='ocrx_word' id='word_1_406' title='bbox 833 4598 1056 4663; x_wconf 89' lang='lat' dir='ltr'><strong>paucos</strong></span> <span class='ocrx_word' id='word_1_407' title='bbox 1071 4575 1514 4643; x_wconf 88' lang='lat' dir='ltr'><strong>bombardarios</strong></span> <span class='ocrx_word' id='word_1_408' title='bbox 1540 4578 1810 4661; x_wconf 83' lang='lat' dir='ltr'><strong>gravium</strong></span> <span class='ocrx_word' id='word_1_409' title='bbox 1840 4575 2199 4663; x_wconf 90' lang='lat' dir='ltr'><strong>scloporum.</strong></span> <span class='ocrx_word' id='word_1_410' title='bbox 2284 4575 2384 4641; x_wconf 93' lang='lat' dir='ltr'><strong>Ob</strong></span> <span class='ocrx_word' id='word_1_411' title='bbox 2411 4578 2474 4642; x_wconf 90' lang='lat' dir='ltr'><strong>id</strong></span> <span class='ocrx_word' id='word_1_412' title='bbox 2504 4576 2801 4643; x_wconf 83' lang='lat' dir='ltr'><strong>O&#39;Nellus</strong></span> 
     </span>
     <span class='ocr_line' id='line_1_45' title="bbox 417 4658 2803 4751; baseline 0.003 -27"><span class='ocrx_word' id='word_1_413' title='bbox 417 4658 494 4724; x_wconf 89' lang='lat' dir='ltr'><strong>de</strong></span> <span class='ocrx_word' id='word_1_414' title='bbox 521 4660 710 4727; x_wconf 88' lang='lat' dir='ltr'><strong>hostis</strong></span> <span class='ocrx_word' id='word_1_415' title='bbox 737 4686 813 4749; x_wconf 87' lang='lat' dir='ltr'><strong>ap</strong></span> <span class='ocrx_word' id='word_1_416' title='bbox 887 4670 1022 4729; x_wconf 89' lang='lat' dir='ltr'><strong>ratu</strong></span> <span class='ocrx_word' id='word_1_417' title='bbox 1051 4662 1376 4751; x_wconf 53' lang='lat' dir='ltr'><strong>praeliandi,</strong></span> <span class='ocrx_word' id='word_1_418' title='bbox 1405 4662 1612 4727; x_wconf 90' lang='lat' dir='ltr'><strong>militis</strong></span> <span class='ocrx_word' id='word_1_419' title='bbox 1638 4662 1869 4743; x_wconf 89' lang='lat' dir='ltr'><strong>robore,</strong></span> <span class='ocrx_word' id='word_1_420' title='bbox 1901 4662 2070 4728; x_wconf 89' lang='lat' dir='ltr'><strong>ducis</strong></span> <span class='ocrx_word' id='word_1_421' title='bbox 2099 4663 2297 4728; x_wconf 86' lang='lat' dir='ltr'><strong>animo</strong></span> <span class='ocrx_word' id='word_1_422' title='bbox 2324 4662 2647 4729; x_wconf 88' lang='lat' dir='ltr'><strong>deliberato</strong></span> <span class='ocrx_word' id='word_1_423' title='bbox 2675 4688 2803 4730; x_wconf 88' lang='lat' dir='ltr'><strong>cer-</strong></span> 
     </span>
     <span class='ocr_line' id='line_1_46' title="bbox 417 4687 2803 4835; baseline 0.003 -25"><span class='ocrx_word' id='word_1_424' title='bbox 417 4748 536 4811; x_wconf 85' lang='lat' dir='ltr'><strong>tior</strong></span> <span class='ocrx_word' id='word_1_425' title='bbox 563 4748 774 4827; x_wconf 82' lang='lat' dir='ltr'><strong>factns‚</strong></span> <span class='ocrx_word' id='word_1_426' title='bbox 805 4687 1056 4815; x_wconf 58' lang='lat' dir='ltr'><strong>diihinm</strong></span> <span class='ocrx_word' id='word_1_427' title='bbox 1083 4757 1228 4829; x_wconf 86' lang='lat' dir='ltr'><strong>erat,</strong></span> <span class='ocrx_word' id='word_1_428' title='bbox 1258 4750 1404 4835; x_wconf 86' lang='lat' dir='ltr'><strong>quin</strong></span> <span class='ocrx_word' id='word_1_429' title='bbox 1431 4751 1522 4815; x_wconf 84' lang='lat' dir='ltr'><strong>vir</strong></span> <span class='ocrx_word' id='word_1_430' title='bbox 1549 4757 1760 4815; x_wconf 88' lang='lat' dir='ltr'><strong>cantus</strong></span> <span class='ocrx_word' id='word_1_431' title='bbox 1788 4750 1987 4815; x_wconf 88' lang='lat' dir='ltr'><strong>locum</strong></span> <span class='ocrx_word' id='word_1_432' title='bbox 2018 4748 2329 4829; x_wconf 86' lang='lat' dir='ltr'><strong>desereret,</strong></span> <span class='ocrx_word' id='word_1_433' title='bbox 2357 4751 2473 4816; x_wconf 91' lang='lat' dir='ltr'><strong>nisi</strong></span> <span class='ocrx_word' id='word_1_434' title='bbox 2501 4750 2803 4817; x_wconf 75' lang='lat' dir='ltr'><strong>Farfasius</strong></span> 
     </span>
     <span class='ocr_line' id='line_1_47' title="bbox 421 4831 2805 4931; baseline 0.002 -33"><span class='ocrx_word' id='word_1_435' title='bbox 421 4831 728 4901; x_wconf 85' lang='lat' dir='ltr'><strong>O’Clerius</strong></span> <span class='ocrx_word' id='word_1_436' title='bbox 755 4834 1162 4905; x_wconf 87' lang='lat' dir='ltr'><strong>Ibernicorum</strong></span> <span class='ocrx_word' id='word_1_437' title='bbox 1189 4846 1396 4905; x_wconf 82' lang='lat' dir='ltr'><strong>vatum</strong></span> <span class='ocrx_word' id='word_1_438' title='bbox 1440 4838 1732 4924; x_wconf 89' lang='lat' dir='ltr'><strong>interpres</strong></span> <span class='ocrx_word' id='word_1_439' title='bbox 1759 4838 2161 4904; x_wconf 86' lang='lat' dir='ltr'><strong>confirmasset</strong></span> <span class='ocrx_word' id='word_1_440' title='bbox 2188 4836 2331 4903; x_wconf 85' lang='lat' dir='ltr'><strong>Divi</strong></span> <span class='ocrx_word' id='word_1_441' title='bbox 2358 4837 2569 4905; x_wconf 87' lang='lat' dir='ltr'><strong>Ultani</strong></span> <span class='ocrx_word' id='word_1_442' title='bbox 2595 4840 2805 4931; x_wconf 61' lang='lat' dir='ltr'><strong>ratici-</strong></span> 
     </span>
    </p>
   </div>
  </div>
 </body>
</html>
