3634 5842
331 727 469 774 cu.
501 709 623 793 η]
862 727 1132 774 mummi
1166 727 1467 778 Quonono
1497 731 1579 775 AB
1611 733 1843 780 mous
1872 733 2173 778 oum-ra.
2632 715 2712 776 63

325 879 2719 1069 {31⁹2{figit‘ssffsszzgfiffzfffissgssfflffzfflffiffli’fflfflgffi

327 1062 400 1122 ut
447 1079 558 1143 pro
605 1078 740 1142 ipso
791 1078 954 1121 arma
981 1062 1238 1135 sumant,
1270 1056 1589 1142 compellit.
1671 1058 1853 1126 Brevi
1883 1058 2240 1125 Ibernorum
2268 1081 2393 1122 suae
2420 1058 2717 1136 factioniS,

323 1144 684 1229 Anglorum,
716 1142 1172 1222 Oosmanorum,
1213 1165 1497 1228 magnum
1525 1147 1851 1212 exercitum
1880 1153 2155 1212 coactum
2181 1144 2413 1224 habuit,
2446 1167 2625 1231 quem
2652 1145 2719 1208 in

324 1231 580 1296 Ibernos
609 1227 756 1295 alios
785 1229 972 1329 ducit,
1003 1230 1204 1294 omnia
1250 1229 1637 1316 depopulans„
1670 1233 1985 1299 devastans
2028 1239 2092 1298 et
2138 1232 2407 1318 undique
2458 1255 2486 1296 s
2657 1249 2718 1295 m

322 1318 525 1383 edens·
615 1315 806 1382 'Haud
851 1316 1030 1381 rumis
1059 1318 1181 1382 cito
1210 1316 1568 1383 Rothericus
1618 1319 1985 1386 Connachtae
2026 1341 2133 1385 rex
2160 1341 2298 1384 cum
2328 1319 2594 1404 magnati
2639 1340 2713 1382 us

323 1405 455 1470 aliis
487 1403 762 1504 occurrit.
852 1402 1106 1503 Aliquot
1135 1405 1412 1469 secundis
1463 1405 1682 1491 praeliis
1728 1407 2027 1494 Dermysii
2057 1407 2319 1472 furorem
2349 1406 2723 1492 aliquantum

321 1492 580 1576 frangit:
626 1490 799 1556 illum
828 1488 1098 1589 obsidem
1144 1490 1284 1556 dare
1311 1492 1477 1576 cogit
1518 1492 1965 1559 Cnothurnium
1994 1493 2202 1558 filium.
2292 1492 2463 1558 Inter
2490 1499 2721 1556 utrum-

323 1601 442 1664 que
471 1578 666 1643 foedus
691 1583 1043 1664 pel-cuntur.
1137 1577 1294 1644 Inde
1321 1579 1670 1666 Dermysius
1720 1581 1903 1646 homo
1953 1587 2133 1646 natus
2174 1579 2250 1644 ad
2278 1578 2723 1644 contentionem

325 1675 389 1731 et
416 1663 894 1765 perturbationes
922 1664 1038 1764 alio
1068 1674 1270 1730 movet
1298 1687 1498 1731 arma:
1547 1666 1664 1731 oss
1738 1668 1751 1681 ⁸
1848 1667 2246 1754 principatum
2275 1666 2546 1744 invadit3
2593 1665 2725 1729 sine

327 1752 882 1852 mora-Tomomam
909 1757 1082 1852 petit,
1114 1751 1276 1816 unde
1305 1758 1559 1834 arcetur,
1604 1778 1639 1819 a
1731 1754 2056 1820 omhnaldo
2086 1752 2385 1819 O'Briene
2410 1751 2725 1818 'Pomoniae

326 1838 1738 2026 fflffizffliffissmttssssmssffihsspfflnffl
1775 1839 2454 2013 ι-Ῑὶΐζῗῗῖῖᾞωῖῖῗιξῗ
2467 1844 2727 1990 ιιῗὲὶῗέἓ

327 2033 580 2112 imperio
625 2014 938 2114 potiretur,
986 2013 1038 2077 si
1085 2013 1386 2113 frangeret
1426 2017 1757 2100 potentiam
1786 2014 2113 2094 Botherici,
2143 2014 2249 2099 qui
2279 2035 2348 2078 ea
2374 2017 2729 2098 tempestate

327 2107 780 2252 ffioennssmus
808 2099 1168 2166 Ibernorum
1188 2099 1520 2181 videbatur,
1551 2124 1586 2167 a
1613 2103 1921 2168 nonnullis
1966 2102 2155 2167 totius
2187 2099 2444 2165 Iberniae
2472 2120 2728 2184 magnus

423 2211 460 2251 x
493 2187 844 2273 appellatae,
877 2209 1014 2252 suas
1043 2188 1198 2253 vires
1226 2189 1532 2275 Anglicas,
1553 2187 1964 2268 Oosmanicas,
1994 2188 2299 2254 Ibernicas
2330 2209 2466 2253 cum
2496 2184 2729 2251 Domh·

326 2273 508 2374 naldo
540 2275 870 2374 conjungit.
958 2273 1230 2360 Cumque
1279 2277 1545 2342 monitus
1587 2285 1650 2342 et
1696 2285 1943 2363 rogatus
1986 2276 2254 2362 incoepto
2306 2274 2589 2338 desistere
2638 2272 2733 2355 (ea

331 2383 504 2461 regni
533 2361 862 2460 cupiditate
909 2360 1222 2448 flagrabat)
1279 2365 1589 2443 renuisset,
1639 2365 1768 2451 ejus
1795 2364 2020 2446 filiumll
2056 2361 2521 2440 Gnothurnium,
2554 2379 2729 2444 quem
2754 2381 2900 2450 [59,]

333 2471 496 2600 pacis
547 2447 820 2512 obsidem
869 2454 1170 2514 extortum
1226 2449 1410 2516 fuisse
1469 2450 1800 2531 docuimuS,
1862 2450 2221 2516 Bothericus
2279 2453 2471 2513 morte
2500 2446 2731 2534 plectit.

405 2557 559 2620 eque
603 2534 857 2618 longum
905 2541 1044 2619 post
1089 2541 1327 2621 tempus
1377 2537 1730 2623 Dei-mysius
1757 2538 1929 2616 vixit,
1983 2537 2089 2622 qui
2132 2541 2363 2601 naturae
2401 2535 2503 2620 jus
2533 2532 2732 2612 solvit,

327 2641 554 2707 magno
584 2642 832 2684 numero
862 2642 1153 2686 annorum
1182 2624 1438 2709 expleto.
1512 2623 1668 2695 Quae
1695 2624 1915 2710 Anglis
1943 2629 2115 2709 parta
2143 2622 2403 2707 reliquit,
2432 2620 2549 2705 ipsi
2578 2620 2739 2684 tueri

329 2713 648 2807 conantur.
736 2705 836 2771 Ad
866 2707 1030 2805 quod
1061 2731 1150 2806 ‘ex
1196 2709 1418 2793 Anglia
1444 2710 1622 2774 multi
1647 2710 1844 2776 indies
1885 2709 2221 2774 confluunt.
2313 2707 2431 2772 Sed
2458 2705 2535 2771 ab
2564 2705 2735 2770 Iber-

327 2818 427 2860 ms
456 2816 521 2859 m
553 2814 856 2858 summum
899 2792 1215 2859 discrimen
1259 2794 1676 2861 deducuntur:
1722 2795 1953 2882 aliquot
1992 2795 2365 2860 munimenta
2407 2791 2731 2859 amittunt:

330 2881 467 2968 ipsi,
499 2879 599 2947 alii
629 2880 948 2966 capiuntur
970 2879 1070 2946 alii
1099 2881 1521 2948 occiduntur.·“·

1344 3389 1524 3456 CAP.
1570 3387 1686 3453 IV.

831 3593 1068 3648 Adriani
1095 3590 1383 3646 Pontificis
1409 3587 1644 3642 Maximi
1665 3586 1871 3641 litterae
1895 3567 2234 3639 reffiruntur.

338 3747 466 3811 Ian
498 3751 637 3811 ante
663 3745 794 3810 haec
825 3741 1126 3808 Henricus
1157 3740 1470 3808 Secundus
1520 3738 1763 3824 Angliae
1806 3758 1915 3801 rex
1962 3735 2031 3800 in
2082 3730 2425 3798 obtinendae
2473 3726 2736 3793 Iberniae

343 3855 511 3920 spem
562 3832 802 3910 ductae,
848 3829 1028 3896 modo
1074 3828 1386 3894 Pontificis
1435 3825 1692 3890 Maximi
1742 3822 2078 3889 authoritas
2128 3820 2629 3903 interponeretur,
2660 3812 2736 3880 ab

339 3919 607 3985 Adriano
638 3919 754 3984 IV.
786 3917 1060 3982 Romano
1105 3916 1396 3981 Pontifice
1438 3913 1556 3978 hoc
1586 3910 1895 3976 decretum
1940 3906 2283 3994 impetravit
2312 3902 2461 3969 falsa
2489 3923 2735 3967 narrans

343 4013 637 4093 quantum
666 4029 739 4071 ex
767 4006 900 4091 ipso
930 4004 1168 4069 decreto
1198 4001 1415 4087 colligo
1441 4027 1456 4064 ε

347 4172 386 4201 “
405 4165 688 4220 Adrianus
746 4161 1051 4233 episcopus,
1107 4175 1298 4212 servus
1357 4171 1644 4211 servorum
1701 4152 1832 4220 Dei,
1894 4147 2215 4206 charissimo
2256 4147 2314 4200 in
2358 4145 2582 4201 Christo
2626 4143 2738 4198 filio

479 4233 685 4290 illustri
722 4232 1032 4306 Anglorum
1055 4228 1196 4303 regi,
1216 4227 1449 4283 salutem
1473 4235 1532 4282 et
1553 4223 1913 4298 apostolicam
1936 4219 2431 4276 benedictionem.”

410 4369 450 4400 ‘⁸
469 4363 852 4418 Laudabiliter
875 4369 933 4418 et
966 4362 1252 4416 fructuose
1291 4359 1358 4411 de
1400 4354 1644 4429 glorioso
1669 4350 1907 4436 ‘nomine
1954 4345 2311 4433 propagando
2354 4343 2411 4396 in
2451 4339 2640 4426 terris,
2676 4348 2734 4394 et

337 4443 546 4521 aeterpo
569 4435 852 4490 felicitatis
875 4434 1086 4559 premio
1111 4428 1440 4515 cumulando
1465 4427 1522 4480 in
1547 4423 1712 4479 coelis
1753 4429 1857 4477 tua
1896 4439 1951 4505 m
2064 4419 2304 4502 ifieentia
2345 4419 2580 4497 cogitat,
2614 4429 2739 4494 curn

337 4508 408 4562 ad
431 4507 742 4562 dilatandos
784 4524 875 4562 ecc
899 4523 1021 4561 esioe
1061 4512 1343 4568 terminos,
1385 4499 1457 4553 ad
1499 4495 1886 4552 declarandam
1922 4509 1978 4546 m
2020 4496 2159 4544 cetis
2185 4495 2241 4542 et
2265 4484 2497 4539 rudibus
2521 4481 2739 4554 populis

419 4683 580 4738 'The
605 4681 746 4737 facts
771 4681 1040 4737 recorded
1061 4680 1119 4734 in
1143 4677 1253 4732 this
1281 4675 1547 4748 Chapter,
1574 4691 1670 4728 are
1695 4681 1796 4727 not
1820 4671 1983 4745 given
2004 4669 2063 4723 in
2086 4669 2181 4723 the
2206 4667 2368 4722 strict
2392 4665 2742 4790 chronoloffii-

348 4753 642 4891 lciagflredumt.
719 4753 824 4808 See
849 4754 1004 4808 Four
1045 4751 1307 4820 Masters,
1344 4747 1498 4804 ΑΛ).
1528 4747 1684 4803 1169.
1757 4743 1889 4799 Mac
1911 4740 2265 4816 Geoghegau,
2304 4757 2359 4811 p.
2388 4741 2513 4793 252.
2580 4737 2676 4793 Du
2717 4767 2744 4782 -
