3634 5842
433 787 571 834 cu.
619 766 800 852 1111.]
923 787 1008 830 me
1054 785 1354 836 uuaruon
1395 783 1618 831 rmms
1663 781 2155 829 rsasscu‘noms
2200 781 2482 828 tuscus.
2706 763 2839 827 28⁷·

434 957 659 1012 operam
683 939 938 1010 deinceps
975 938 1202 998 mittito,
1241 945 1298 990 et
1339 954 1466 990 suos
1501 937 1726 1008 quisque
1749 935 1900 990 intra
1920 953 2122 989 annum
2147 941 2423 1000 revocato,
2444 935 2529 989 sin
2550 935 2729 988 minus
2753 934 2833 987 fe-

433 1012 592 1078 cerit,
617 1011 886 1066 bonorum
909 1009 1279 1080 publicatione
1303 1017 1601 1062 coercetor.

507 1082 712 1136 Nullus
760 1081 1113 1152 Papistarum
1153 1081 1210 1132 in
1257 1087 1378 1132 toto
1411 1097 1584 1152 regno
1626 1077 1877 1150 magistri
1917 1079 2335 1150 preceptorisve
2381 1094 2607 1132 munere
2653 1075 2830 1149 fungi,

432 1153 718 1225 publiceve
742 1152 945 1224 legere,
971 1151 1056 1206 vel
1074 1152 1272 1204 docere
1306 1150 1527 1205 audete.

509 1223 620 1288 Qui
644 1224 1090 1280 Ecclesiasticum
1115 1221 1397 1292 Papistam
1421 1221 1661 1284 domum,
1687 1220 1774 1274 vel
1796 1218 1855 1273 in
1878 1219 2063 1274 villam
2086 1237 2241 1274 snam
2262 1219 2547 1292 receperit,
2571 1225 2671 1274 ant
2694 1237 2830 1291 quo-

434 1311 648 1367 cunque
669 1295 834 1350 modo
857 1294 1077 1356 foverit,
1099 1293 1232 1348 fisco
1258 1293 1402 1346 bona
1422 1292 1540 1364 ejus
1576 1291 1925 1347 addicuntur.

507 1367 712 1422 Omnes
752 1365 955 1422 nostris
995 1363 1292 1426 sacrificiis,
1335 1363 1687 1425 ceremoniis,
1713 1371 1879 1434 atque
1914 1360 2283 1425 concionibus,
2306 1361 2613 1416 Dominicis
2638 1361 2829 1415 diebus

428 1445 758 1580 antam-{ff
774 1507 918 1562 bello
943 1505 1134 1560 diruta
1157 1505 1515 1578 Papistarum
1537 1503 1843 1577 sumptibus
1877 1503 2157 1576 religionis
2180 1509 2379 1557 nostras
2403 1501 2577 1556 cultui
2600 1501 2827 1556 reedifi-

433 1587 647 1634 cantor.

515 1714 810 1782 Praeterea
836 1713 1024 1780 Knox
1068 1713 1831 1798 ministroarcbiepiscopos,
1862 1717 1924 1776 et
1972 1710 2540 1796 ministropiscopos,
2570 1709 2734 1798 quod
2760 1711 2827 1776 in

429 1803 596 1888 regia
623 1803 786 1868 secta
815 1809 875 1867 et
905 1801 1102 1888 pravis
1133 1800 1514 1886 dogmatibus
1541 1798 1943 1885 propagandis
1971 1797 2260 1863 hactenus
2288 1797 2401 1862 visi
2427 1797 2672 1862 fuerunt
2692 1819 2827 1882 seg-

427 1911 554 1968 nes,
573 1894 637 1954 et
658 1887 780 1974 qub
799 1889 1192 1974 imposterum
1211 1886 1616 1973 vigilantiores
1634 1888 1774 1966 sint,
1795 1885 2053 1970 graviter
2071 1883 2467 1970 reprehendit,
2485 1884 2834 1970 eisdemque

426 1997 630 2061 poenas
659 1976 1029 2062 pecuniarias
1057 1974 1302 2060 irrogat.
1347 1972 2012 2058 Pseudoarchiepiscopi
2030 1978 2285 2058 quatuor
2305 1971 2535 2036 damnis
2564 1971 2823 2049 coerciti,

427 2062 826 2148 conviciisque
877 2061 1133 2147 correpti
1183 2059 1596 2126 Dubhlinnam
1645 2058 2029 2137 conveniunt,
2079 2057 2187 2123 ubi
2229 2056 2525 2124 celebrato
2572 2057 2825 2124 concilio

425 2147 662 2214 decreta
687 2149 947 2235 Anglico
979 2168 1250 2213 sermone
1278 2147 1342 2213 in
1371 2151 1716 2232 sequentem
1767 2144 1890 2210 fere
1918 2144 2275 2210 sententiam
2302 2151 2534 2225 cavent,
2562 2151 2625 2211 et
2651 2145 2727 2210 ad
2756 2165 2827 2210 ea

424 2235 729 2315 servanda,
760 2243 822 2300 et
848 2233 1212 2321 exequenda,
1266 2241 1328 2300 et
1368 2232 1893 2320 pseudoepiscopis
1938 2231 2324 2317 suffraganeis
2365 2231 2736 2320 injungenda
2760 2253 2825 2296 se

417 2322 805 2408 jurisjurandi
831 2323 1116 2408 religione
1145 2320 1547 2406 adstringunt.

493 2495 872 2552 Ecclesiastici
895 2497 1034 2569 regii
1057 2496 1315 2568 praesules
1338 2495 1772 2580 Archiepiscopi,
1791 2503 1851 2549 et
1868 2494 2075 2568 Episco
2113 2496 2134 2549 i
2158 2496 2214 2550 in
2238 2495 2339 2550 sua
2360 2497 2585 2582 quisque
2610 2497 2821 2552 diocesi

420 2567 718 2622 residento.
796 2568 1000 2623 Omnes
1041 2585 1152 2622 suas
1187 2566 1588 2637 jurisdictionis
1626 2565 1909 2620 Ecclesiae
1951 2583 2096 2621 seme
2156 2567 2345 2621 saltem
2382 2586 2439 2622 m
2463 2585 2606 2622 anno
2629 2585 2727 2638 per
2762 2587 2821 2626 se

420 2636 640 2692 visunto
663 2660 680 2704 ς
708 2639 948 2722 regulas,
972 2645 1136 2710 atque
1179 2637 1502 2721 sanctiones,
1545 2655 1662 2707 quae
1687 2637 1759 2690 ad
1781 2644 2056 2720 sectarum
2080 2638 2547 2710 propagationem,
2574 2637 2821 2711 Papista-

419 2724 707 2833 ηῧῗιῗίἵιξ
711 2718 790 2832 iii1
791 2709 2205 2849 ffibiigininssnisstssgiqffifnxiiiiizadinpibssggis{vlit-3333:
2230 2786 2287 2832 et
2310 2778 2378 2832 ab
2404 2780 2593 2833 eodem
2619 2781 2821 2836 instru-

417 2857 660 2904 mentum
721 2850 964 2904 ublicum
987 2851 1184 2905 babeat
1205 2849 1361 2921 regio
1385 2849 1540 2922 signo
1565 2849 2004 2912 corroboratum,
2029 2849 2403 2919 adscribitor.fl
2842 2861 3034 2932 [222]

491 2920 644 2976 Proes
705 2939 776 2988 es,
787 2929 952 2993 atque
969 2921 1205 2976 ministri
1212 2920 1588 2991 juramentum
1605 2920 1744 2992 regii
1761 2920 2101 2993 principatus
2118 2920 2175 2974 in
2192 2920 2811 2994 ecclesiafflarochianis,

417 2997 476 3046 et
499 2992 760 3063 subjectis
785 2993 897 3046 suis
922 2992 1231 3047 deserunto.

489 3063 788 3150 Gatalogus
819 3081 1029 3130 eorum,
1072 3064 1166 3136 qui
1195 3062 1574 3132 juramentum
1614 3063 1718 3117 hoc
1755 3071 2017 3148 praestare
2057 3062 2445 3127 recusaverint,
2470 3063 2564 3136 qui
2600 3065 2801 3120 nostris

415 3151 766 3203 caeremomis,
791 3151 850 3189 et
871 3134 1110 3190 ecclesiis
1133 3153 1242 3189 non
1265 3134 1636 3198 interfuerint,
1679 3153 1771 3207 qui
1813 3135 2125 3190 sacerdotes
2150 3133 2401 3208 Papistas
2437 3137 2799 3207 protexerint,

413 3205 508 3326 pui
533 3223 632 3276 per
655 3207 808 3272 alios,
835 3223 996 3278 quam
1038 3225 1137 3278 per
1177 3205 1458 3260 ministros
1495 3204 1728 3260 infantes
1766 3223 1893 3261 suos
1934 3206 2220 3277 baptizari,
2244 3206 2559 3262 mortuusve
2581 3209 2799 3280 sepeliri

438 3276 666 3339 ecerint,
690 3277 882 3340 aliave,
918 3295 1080 3350 quam
1121 3277 1498 3332 ministrorum
1537 3276 1868 3331 auctoritate
1908 3277 2257 3332 matrimonia
2296 3279 2692 3344 contraxerint,
2727 3282 2799 3334 sd

413 3361 702 3418 proregem
721 3349 888 3402 tertio
912 3366 1126 3421 quoque
1151 3365 1334 3402 mense
1355 3349 1610 3402 mittitor.
1647 3346 1716 3402 In
1741 3348 1968 3420 singulis
1982 3348 2295 3403 disecesibus
2308 3350 2626 3421 graviorum
2648 3351 2797 3406 litte-

413 3432 599 3471 rarum
623 3419 823 3482 studia,
845 3420 903 3472 in
926 3419 1228 3474 minoribus
1252 3419 1464 3492 oppidis
1501 3419 1939 3473 rudimentorum
1980 3420 2179 3474 scholae
2220 3420 2659 3477 Protestantibus
2683 3441 2797 3476 mm

410 3487 600 3558 gistris
624 3487 910 3544 habentor.
987 3489 1222 3574 Templa
1259 3491 1648 3553 recusantium,
1671 3489 1730 3544 id
1765 3497 1851 3543 est
1876 3491 2308 3555 Gatholicorum,
2332 3493 2579 3566 expensis
2619 3493 2797 3548 conci·

410 3565 612 3612 nautor
631 3581 649 3627 3
689 3569 748 3614 et
771 3561 828 3614 in
850 3559 962 3614 illis
990 3561 1178 3615 Bibha
1199 3561 1257 3614 in
1280 3561 1562 3633 vulgarem
1608 3578 1914 3615 sermonem
1938 3563 2205 3616 translata
2226 3571 2363 3619 esto.
2439 3563 2639 3636 Itaque
2671 3565 2798 3619 reli-

409 3628 588 3699 gionis
613 3631 877 3703 Anglicse,
887 3632 1032 3686 ritus
1054 3631 1442 3686 inducmtor.”

493 3778 645 3844 Post
670 3781 798 3846 haec
819 3783 1005 3868 jussa,
1050 3805 1230 3868 quam
1271 3787 1565 3864 moestum,
1594 3789 1656 3848 et
1680 3781 2025 3849 luctuosum
2052 3787 2457 3872 spectaculum
2486 3814 2751 3861 cerneres
2778 3799 2803 3862 l·

407 3863 537 3931 Ubi
565 3867 809 3932 fuerunt
835 3870 1196 3956 praescripta,
1225 3869 1413 3954 Angli
1457 3891 1527 3934 ea
1575 3869 1790 3956 exequi
1829 3870 2133 3938 festinant.
2219 3873 2570 3959 Lutherani,
2600 3879 2793 3949 Calvi-

405 3953 592 4034 niani,
622 3953 977 4040 Zuingliani,
1006 3955 1300 4034 Puritani,
1329 3956 1716 4042 omniumque
1757 3964 2051 4024 sectarum
2078 3981 2377 4047 sequaces,
2398 3973 2803 4054 praeterquam.

406 4047 629 4106 nostrae
657 4050 1041 4107 sacrosanctae
1069 4041 1437 4122 Christianae,
1482 4041 1825 4124 Catholicae,
1866 4045 2249 4133 Apostolum,
2280 4049 2567 4119 Bomanae
2592 4053 2791 4142 religi-

405 4127 560 4206 onis,
619 4149 822 4212 gerere
878 4127 1330 4195 ecclesiasticam
1391 4128 1851 4228 rempublicam:
1924 4133 2027 4200 alii
2080 4157 2383 4202 sacrorum
2452 4141 2791 4210 antistitum

402 4214 669 4293 nomine,
699 4220 761 4280 et
787 4215 1140 4281 auctoritate
1181 4216 1352 4283 abusi
1379 4215 1937 4304 archiepiscopatus,
1980 4226 2043 4286 et
2090 4223 2465 4311 episcopatus
2506 4226 2787 4296 adminis-

402 4307 603 4400 trare:
646 4300 746 4366 alii
773 4301 880 4386 qui
909 4301 1166 4369 ministri
1190 4310 1633 4403 nuncupantur,
1661 4303 1728 4369 in
1753 4305 2061 4372 inferiores
2087 4309 2359 4376 ecclesias
2386 4313 2555 4380 missi
2582 4337 2801 4384 omnes·

400 4388 1674 4573 ἓὲἲῗῃιωμᾞᾚοέηᾚῗὴωᾞέῖ
1697 4413 1891 4544 iffi,
1916 4395 2787 4574 *Zrfffflffissssfflnss

403 4560 682 4661 omnibus
727 4561 1161 4661 parochialibus
1211 4561 1472 4632 ecclesiis
1521 4563 1848 4632 collocare:
1892 4566 2024 4632 loca
2068 4569 2211 4636 inde
2253 4571 2620 4661 deprompta,
2662 4579 2785 4665 quo

402 4647 514 4710 sua
555 4668 806 4735 quisque
853 4649 1120 4729 lib1dine,
1171 4659 1236 4716 et
1279 4651 1525 4737 ingente
1569 4651 1770 4718 fusore
1817 4654 2064 4740 rapitur,
2093 4655 2367 4725 flectere:
2410 4660 2489 4728 ad
2514 4661 2783 4732 insanam

399 4729 552 4799 hanc
600 4736 1029 4821 expositionem
1077 4737 1452 4816 audiendam,
1481 4744 1545 4804 et
1569 4738 1792 4806 nefaria
1841 4739 2147 4828 sacrilegia
2172 4743 2419 4814 colenda
2444 4747 2783 4820 catholicos

396 4819 714 4906 utriusque.
733 4823 936 4906 sexus,
965 4831 1027 4890 et
1053 4827 1482 4912 cujuscumque
1532 4824 1841 4912 dignitatis
1868 4827 2263 4916 compellere..
2324 4833 2549 4922 Neque
2567 4861 2802 4927 proi-ex:
