3634 5842
979 1561 1322 1661 DOMINI
1405 1559 1834 1654 PHILIPPI
1902 1553 2511 1656 O'SULLEVANI
2560 1551 2921 1676 BEARRI
2989 1543 3345 1664 IBERNI,

1741 1813 1963 1881 'rom
2005 1812 2119 1879 tv.
2182 1811 2443 1878 LIBER
2482 1809 2577 1876 11.

1205 2059 1302 2111 DE
1335 2057 1853 2116 PARLAMENTO,
1890 2053 2170 2118 Qum'ro
2200 2047 2769 2105 PEBSEGUTIONIS
2800 2043 3137 2099 Mmfflno.

985 2241 1328 2306 Hacrmms
1380 2239 1570 2327 capita
1615 2235 2039 2323 persecutionis
2087 2232 2431 2387 principalia
2481 2238 2737 2319 quatuor
2784 2253 2990 2297 sumus
3018 2232 3350 2318 prosecuti:

982 2349 1224 2414 agemus
1250 2325 1402 2391 libro
1431 2331 1701 2426 presente
1730 2323 1804 2388 de
1834 2323 2066 2408 quinto,
2140 2343 2210 2388 oc
2238 2328 2330 2422 est
2357 2321 2432 2386 de
2449 2321 3161 2422 ‘parlamentossquae-non
3190 2319 3351 2382 mini·

982 2411 1843 2581 ἓὲιξὲῗῗέἕιῖἓῖἐὲἱῗ-ῗῖἓέἓ
1862 2413 2417 2584 θὲὲηᾟῃᾚῗᾚ
2434 2429 2901 2560 ffltu‘igffi
2922 2405 3351 2570 ἓῗΐίῗιὶὲἒῗὲἳ

982 2587 1387 2656 crudelitatem
1415 2593 1740 2652 memoratu
1770 2583 1987 2672 dignis,
2009 2581 2407 2670 jucundisque
2434 2581 2747 2648 constabit.

2016 3091 2197 3158 GAR-
2244 3093 2299 3156 Ι.

1471 3307 1540 3362 In
1563 3307 1785 3362 Ibernia
1807 3305 2079 3378 quomodo
2104 3305 2412 3362 celebratur
2434 3307 2835 3379 parlamentum
2852 3315 2877 3362 ’ἐ

907 3561 916 3568 .
986 3504 1131 3571 Cum
1160 3510 1412 3590 quatuor
1439 3500 1839 3587 superioribus
1866 3500 2197 3566 afflictionis
2224 3499 2565 3588 capititibus
2609 3503 2795 3588 Angli
2822 3502 3163 3572 Catholieos
3192 3506 3351 3573 Iber·

988 3613 1098 3657 nos
1127 3614 1164 3657 a
1189 3590 1410 3656 Christi
1457 3589 1496 3653 J
1501 3611 1608 3654 esu
1649 3588 1766 3653 fide
1808 3611 1933 3654 non
1959 3587 2293 3674 potuissent
2320 3610 2607 3670 amovere,
2635 3598 2952 3676 properant
2978 3591 3055 3657 ad
3083 3595 3355 3678 quintum

986 3678 1306 3766 principale
1331 3676 1756 3764 persecutionis
1781 3673 2115 3741 membrum
2134 3675 2466 3740 executioni
2483 3675 2887 3743 mandandum
2912 3685 2985 3743 ut
3010 3679 3353 3765 parlamenti

985 3766 1340 3831 authoritate
1354 3765 1420 3829 in
1435 3763 1784 3842 sacerdotes,
1807 3784 2127 3848 eorumque
2144 3767 2502 3848 protectores
2531 3770 2593 3828 et
2620 3762 2982 3831 catholicam
3011 3767 3352 3852 religionem

788 3875 960 3944 [237.]
979 3853 1140 3938 leges
1168 3851 1470 3918 haereticas
1495 3849 1844 3916 stabilirent.
1926 3847 2045 3914 Est
2072 3857 2268 3914 autem
2296 3847 2761 3934 parlamentumn
2796 3873 2937 3917 voce
2967 3853 3199 3920 Gallica
3234 3855 3349 3920 dic-

981 3949 1131 4019 tum,
1163 3947 1230 4004 ut
1259 3938 1476 4024 accepi,
1508 3938 1560 4002 si
1585 3936 1698 4002 rite
1726 3934 2069 4014 celebretur,
2100 3935 2453 4021 optimatum
2482 3943 2543 4001 et
2570 3944 3015 4022 procuratorum
3042 3943 3233 4026 regui,
3262 3941 3351 4008 vel

981 4026 1415 4103 dominationis,
1467 4022 1684 4110 quibus
1729 4023 1802 4088 de
1852 4021 2152 4109 republica
2166 4021 2497 4102 -referendi,
2524 4023 2841 4109 legumque
2868 4027 3241 4094 ferendarum
3270 4030 3349 4094 fa-

981 4114 1170 4182 cultas
1197 4111 1579 4200 permittitur,
1611 4115 1794 4175 caetus
1823 4109 1918 4174 vel
1946 4116 2291 4189 conventus,
2312 4108 2407 4174 vel
2435 4117 2673 4176 senatus
2702 4114 2879 4178 causa
2901 4113 3252 4181 decernendi
3278 4116 3350 4181 de

981 4199 1357 4268 saecularibus
1385 4197 1560 4264 rebus
1588 4203 1962 4262 convocatus.
2052 4195 2211 4268 Qm'a
2237 4197 2396 4262 euim
2410 4195 2587 4262 turba
2602 4198 2811 4284 populi
2836 4201 3021 4266 totius
3049 4201 3123 4267 ad
3152 4203 3351 4288 legum

978 4288 1347 4376 rogationem
1393 4307 1518 4350 nou
1563 4289 1760 4370 potest
1801 4281 1974 4348 facile
2000 4283 2330 4361 convenire,
2360 4285 2673 4350 necessitas
2699 4286 2830 4372 ipsa
2854 4309 2977 4352 rem
3009 4289 3245 4355 deducit
3272 4289 3347 4354 ad

986 4376 1267 4443 diffinitos
1295 4393 1542 4438 numero
1569 4371 1726 4436 viros
1795 4369 2250 4450 arlamentarios,
2280 4369 2375 4435 vel
2416 4378 2710 4436 senatores
2752 4383 3141 4460 nuncupatos,
3246 4399 3350 4441 nes

988 4488 1138 4552 quos
1167 4467 1258 4529 est
1284 4458 1531 4537 ferendi,
1559 4456 1744 4523 tollen
1791 4457 1925 4542 ‘que
1951 4455 2131 4542 leges,
2162 4455 2353 4543 deque
2381 4479 2611 4523 summa
2636 4481 2727 4524 res
2770 4459 2980 4526 ublicae
3008 4400 3351 4550 agendiepo-

986 4559 1186 4617 testas.
1275 4548 1402 4621 Qui
1429 4567 1566 4612 cum
1595 4545 1800 4630 majori
1828 4549 1993 4628 parte
2034 4543 2337 4610 saeculares
2380 4543 2646 4610 homines
2676 4567 2741 4610 so
2765 4556 2901 4611 eant
2928 4571 3073 4628 esse,
3104 4550 3152 4616 si
3182 4550 3348 4636 spiri-

987 4638 1238 4703 tualium
1265 4657 1463 4701 rerum
1491 4655 1736 4698 examen
1763 4630 1876 4696 sibi
1908 4637 2228 4710 assumant,
2252 4631 2375 4717 jam
2404 4653 2609 4696 eorum
2638 4641 2961 4699 conventus
2978 4658 3085 4702 nec
3102 4637 3348 4716 consilii,

986 4745 1097 4789 nec
1147 4730 1383 4789 senatus
1433 4743 1544 4786 nec
1591 4717 1955 4806 parlamenti,
2008 4717 2112 4782 sed
2154 4718 2547 4783 conventiculi
2575 4717 2837 4784 scelerati
2865 4723 3107 4787 nomine
3133 4723 3349 4809 dignus

985 4810 1237 4875 videtur.
1325 4808 1404 4874 Iu
1432 4806 1672 4873 Ibernia
1699 4805 2127 4893 parlamentum
2153 4826 2368 4890 magna
2394 4805 2657 4869 omnium
2686 4805 2963 4872 ordinum
3005 4809 3347 4896 frequentia,
