3634 5842
895 754 1020 817 258
1301 753 1718 819 o'sunnnvam
1769 774 2083 819 nisTonffl
2129 772 2516 832 cunonem,
2559 772 2708 817 Tou.
2743 772 2844 816 111.
2944 752 3101 837 [mn.
3144 770 3293 814 vm.

897 931 1198 1010 lintribus,
1247 939 1426 1017 atque
1475 931 1843 1018 pontonibus
1894 932 2045 997 clam
2098 938 2446 998 transvectae
2496 932 2561 996 in
2604 930 2933 996 Mocharda
2962 927 3295 1013 peninsula,

897 1018 1680 1191 iffssssffiussoefssssffptss&
1711 1017 3143 1191 2333&{ztfftnssfiffistssoefflsszffiffissss}
3170 1035 3292 1166 ‘32⁰

901 1192 1174 1278 praedari,
1205 1198 1384 1277 atque
1427 1192 1747 1257 devastare.
1840 1191 2024 1262 Quod
2072 1193 2199 1279 ipse
2236 1192 2421 1277 probe
2450 1191 2791 1277 intelligens
2820 1198 3007 1269 sexto,
3038 1210 3157 1273 quo
3176 1189 3295 1253 fuit

902 1280 967 1343 in
996 1302 1066 1345 eo
1097 1286 1492 1345 commoratus
1541 1280 1635 1344 die
1687 1300 1823 1344 cum
1870 1277 2163 1344 militibus
2210 1280 2490 1345 trecentis
2534 1300 2805 1364 egressus
2854 1277 3119 1364 praedam
3146 1276 3291 1361 agit.

905 1364 1267 1430 O'Ruarkus
1313 1372 1542 1444 nactus,
1577 1366 1832 1431 adimere
1884 1364 2076 1452 spolia
2104 1374 2369 1431 conatur.
2458 1364 2672 1430 Praelio
2702 1370 2933 1430 tentato
2960 1362 3297 1428 funduntur

906 1452 1113 1537 Angli.
1203 1452 1328 1516 Alii
1357 1475 1496 1516 cum
1523 1452 1798 1517 Bustoko
1832 1451 1982 1517 duce
2012 1453 2425 1531 trucidantur3
2470 1451 2571 1517 alii
2598 1452 2662 1517 in
2686 1451 3045 1517 munitiones
3066 1447 3294 1535 trepide

706 1562 888 1631 [¹⁹⁹³
903 1545 1315 1691 ἷὲζῗῗῃῖῗὲἑὶ
1344 1538 1897 1691 ᾱῖἓῗᾶἓηῗῗίώὸὲὺ
1916 1536 3293 1711 q1ss⁸21⁰¹ff33¹¹326130¹ss1³¹s⁰33l¹1112{23322‘32035

906 1714 1096 1777 tentia
1124 1714 1282 1798 cepit
1310 1711 1563 1797 Anglos,
1615 1713 1923 1797 magisque
1976 1711 2367 1797 proculdubio
2418 1736 2518 1778 eos
2547 1713 2878 1799 poeniteret,
2910 1712 3027 1777 nisi
3052 1712 3294 1775 fortuna

906 1820 1200 1885 nusquam
1232 1799 1468 1865 Ibernis
1517 1800 1787 1865 nocendo
1838 1800 2085 1886 fatigata
2132 1807 2280 1865 tunc
2328 1802 2609 1887 temporis
2659 1797 3017 1884 magnopere
3044 1798 3292 1861 saeviret.

907 1886 1188 1971 Namque
1214 1882 1508 1951 Thadaeus
1559 1884 1869 1951 O'Ruarki
1918 1887 2098 1951 frater
2144 1909 2269 1952 non
2319 1888 2607 1965 uterinus,
2700 1887 2765 1950 ui
2809 1886 2933 1970 jam
2959 1884 3295 1969 Anglorum

951 1980 1104 2037 artes
1135 1973 1509 2057 sequebatur,
1562 1996 1702 2038 cum
1749 1972 2072 2038 O'Ruarko
2119 1973 2193 2039 de
2237 1972 2551 2051 natalibuS,
2582 1977 2645 2038 et
2726 1972 3024 2037 aereditate
3052 1976 3295 2035 conten·

909 1996 1076 2137 gens,
1109 2059 1182 2125 ab
1213 2060 1395 2124 altera
1422 2066 1587 2145 parte
1617 2082 1931 2144 aggressus
1986 2060 2301 2146 plerosque
2327 2059 2588 2139 clientes,
2620 2057 3025 2144 obaeratosque
3052 2058 3089 2121 ὲ
3114 2058 3296 2123 fratre

912 2153 1179 2210 avertens
1237 2148 1519 2231 majorem
1575 2146 1879 2211 Brethniae
1930 2148 2295 2233 principatus
2351 2152 2577 2232 partem
2638 2152 2911 2232 occupat.
3040 2144 3296 2229 Ipseque

913 2232 1270 2297 O'Ruarkus
1301 2254 1438 2297 cum
1467 2233 1532 2296 in
1559 2231 1773 2297 febrim
1821 2233 2227 2298 vehementem
2272 2233 2596 2312 incidisset,
2629 2231 2896 2298 desertus
2924 2230 2997 2297 ab
3026 2232 3119 2309 iis,
3164 2232 3295 2317 qui-

911 2317 1024 2385 bus
1059 2318 1523 2383 'urisdictionem
1539 2318 1935 2396 demandavit,
1964 2320 2137 2385 factis
2164 2319 2420 2385 induciis
2448 2320 2605 2385 diem
2634 2319 2826 2387 obits*
2869 2318 3298 2384 O'Sullevanus

910 2406 1046 2470 inco
1072 2406 1378 2469 umitatem
1421 2412 1658 2471 tantum
1706 2428 1812 2491 per
1862 2406 2199 2485 diffinitum,
2230 2416 2291 2471 et
2341 2405 2519 2471 breve
2558 2407 2789 2471 dierum
2818 2406 3085 2491 spacium
3110 2405 3295 2491 impe·

912 2497 1050 2557 trat.
1139 2491 1218 2555 In
1268 2511 1388 2576 quo
1437 2515 1634 2557 rerum
1679 2500 1843 2557 statu
1892 2492 2025 2558 Bex
2077 2494 2385 2580 Hispanioe
2436 2492 2637 2579 Philip
2680 2516 2751 2559 us
2794 2492 2921 2558 HL
2968 2492 3298 2557 Mai-tinum

916 2575 1166 2644 Cerdam
1196 2577 1458 2663 legatum
1488 2602 1626 2643 cum
1655 2578 1887 2643 duabus
1909 2579 2159 2645 navibus
2190 2580 2511 2666 sulphuris„
2534 2588 2596 2645 et
2684 2582 2696 2593 '
2808 2603 2869 2645 m
2897 2580 3297 2645 munitionum

915 2666 1126 2751 plenis,
1159 2672 1220 2731 et
1269 2666 1518 2751 triginta
1561 2665 1827 2731 millibus
1856 2688 2165 2733 aureorum
2196 2690 2575 2732 nummorum
2604 2666 2680 2733 ad
2710 2666 3056 2745 O'Ncllum,
3086 2672 3149 2733 et
3176 2666 3297 2731 Ro-

916 2753 1206 2818 thericum
1237 2753 1442 2833 mittit,
1473 2754 1576 2838 qui
1605 2755 1657 2818 si
1685 2754 1851 2840 prius
1878 2754 1942 2819 id
2001 2753 2249 2819 subsidii
2278 2754 2661 2839 accepissent,
2688 2776 2853 2820 arma
2877 2753 3086 2840 procul
3114 2752 3296 2819 dubio

915 2862 1040 2905 non
1070 2839 1500 2925 deposuissent,
1531 2839 1649 2905 illis
1677 2840 1816 2906 verb
1848 2840 2133 2927 depositis
2160 2864 2223 2907 re
2272 2842 2318 2904 's
2346 2841 2676 2927 pecuniam,
2708 2851 2770 2905 et
2798 2842 3161 2940 munitiones
3202 2863 3296 2905 ac-

915 2926 1718 3093 ssssss’ffffissssffizffioffiff
1776 2926 3298 3101 ‘iegissmffffiqueflfflpffcffifflffiffffij

919 3122 1096 3185 quem
1123 3100 1188 3163 in
1222 3100 1574 3184 Hispaniam
1605 3100 1680 3164 ab
1711 3098 2108 3166 O'Snllevano
2137 3102 2385 3167 missum
2414 3102 2596 3167 fuisse
2624 3102 2953 3179 docuimus,
2982 3102 3237 3187 acceptis
3264 3124 3299 3165 a

917 3206 1056 3270 rege
1083 3184 1389 3250 Catholico
1420 3185 1652 3250 duobus
1699 3187 1961 3253 minibu-
2011 3210 2320 3253 aureorum
2348 3188 2414 3252 in
2448 3188 2787 3253 Momonias
2814 3188 3088 3274 applicat.
3176 3186 3299 3253 Ubi

919 3292 1055 3335 cum
1086 3270 1518 3336 O’Sullevanus
1563 3294 1687 3336 non
1735 3280 1908 3352 esset,
1959 3276 2023 3339 in
2072 3273 2427 3360 Hispaniam
2474 3276 2806 3354 revertitur,
2836 3297 3080 3340 uxorem
3132 3296 3297 3339 suam

918 3363 981 3422 et
1008 3357 1152 3423 alias
1179 3358 1445 3422 faeminas
1478 3358 1719 3423 ducens.

994 3613 1017 3638 ⁸
1056 3610 1125 3665 In
1146 3610 1413 3683 January,
1444 3615 1578 3665 1604
1601 3652 1612 3664 .
1653 3612 1761 3666 and
1803 3628 1913 3665 was
1951 3610 2147 3666 buried
2182 3610 2239 3665 in
2278 3611 2374 3666 the
2416 3608 2748 3668 Franciscan
2784 3622 3015 3669 convent
3056 3615 3123 3669 of
3156 3614 3299 3670 Boas

923 3680 1110 3745 Iriala,
1134 3700 1264 3736 near
1291 3682 1586 3746 Headfort,
1611 3690 1812 3753 county
1856 3682 1921 3736 of
1954 3682 2199 3754 Galway.
2274 3683 2424 3737 Four
2460 3682 2714 3751 Manen,
2740 3703 2793 3757 p.
2823 3690 2981 3741 2349.
3054 3695 3089 3721 ‘⁸
3110 3688 3298 3741 Solita

920 3753 1037 3805 rius
1060 3753 1353 3807 admodum
1375 3754 1528 3807 locus
1553 3762 1635 3807 est
1657 3772 1829 3825 prope
1854 3754 2072 3819 flumen,
2096 3762 2153 3807 et
2174 3754 2372 3825 palude
2398 3754 2783 3821 circumdatus,
2806 3756 2886 3810 ita
2909 3766 2975 3811 ut
2996 3775 3105 3811 non
3130 3758 3201 3810 sit
3224 3757 3301 3811 in-

918 3841 1138 3894 gressus
1161 3841 1259 3895 per
1285 3832 1462 3879 totum
1485 3825 1751 3879 ambitum
1775 3824 1880 3879 nisi
1917 3843 2017 3897 per
2058 3842 2221 3879 unam
2264 3836 2481 3897 portam
2516 3834 2573 3881 et
2596 3828 2739 3881 viam
2778 3835 3009 3882 stratam
3034 3828 3299 3899 lapidibus

915 3904 1018 3964 'per
1044 3896 1306 3948 ducentos
1323 3913 1532 3966 passus.
1607 3895 1770 3949 Nunc
1795 3896 1873 3949 ibi
1896 3896 2145 3951 habitant
2170 3898 2362 3965 (1616)
2388 3914 2480 3950 sex
2504 3896 2705 3953 fratres
2723 3898 2908 3952 clerici
2932 3906 2989 3953 et
3010 3898 3119 3953 duo
3142 3898 3296 3953 laici:

923 3965 1157 4019 officium
1181 3966 1390 4019 faciunt
1413 3966 1469 4019 in
1495 3967 1682 4029 choro,
1706 3974 1764 4020 et
1778 3967 2113 4037 guardianus
2128 3968 2389 4037 praedicat
2406 3986 2530 4021 cum
2555 3986 2609 4022 m
2720 3988 2752 4023 o
2782 3969 3019 4023 fructu.”
3056 3970 3299 4039 Mouney,

921 4054 974 4105 p.
1001 4038 1086 4090 36.
1161 4036 1281 4090 The
1303 4038 1468 4090 friars
1492 4038 1603 4091 had
1626 4055 1790 4091 never
1817 4037 1953 4091 been
1991 4038 2201 4107 ejected
2224 4038 2421 4110 totally
2446 4038 2589 4093 from
2710 4050 2735 4093 t
2758 4049 3026 4096 convent:
3060 4041 3153 4095 the
3188 4040 3303 4095 earl

923 4107 988 4159 of
1008 4108 1366 4162 Clanrickard
1390 4108 1498 4161 had
1521 4108 1688 4179 lately
1711 4108 2015 4178 purchased
2038 4109 2083 4162 it
2120 4108 2265 4162 from
2305 4109 2400 4163 the
2422 4110 2609 4182 family
2636 4118 2696 4165 to
2732 4111 2911 4165 which
2949 4111 2996 4165 it
3034 4111 3143 4165 had
3165 4111 3303 4165 been

919 4178 1156 4248 granted
1177 4186 1236 4231 at
1257 4178 1354 4233 the
1377 4178 1754 4302 suppression:
1793 4179 1887 4233 the
1912 4178 2234 4234 Protestant
2256 4180 2603 4253 Archbishop
2644 4181 2711 4237 of
2742 4182 2939 4249 Tuam,
2974 4181 3185 4255 though
3208 4190 3247 4217 ‘⁶
3270 4200 3305 4236 a

919 4256 1080 4319 great
1100 4252 1465 4321 persecutor,”
1525 4250 1596 4303 ad
1629 4257 1728 4303 not
1766 4250 2031 4305 molested
2071 4250 2167 4304 the
2206 4250 2371 4305 friars
2404 4251 2547 4306 until
2568 4253 2664 4308 the
2684 4270 2814 4326 year
2854 4256 3029 4322 16173
3068 4254 3163 4309 the
3218 4271 3303 4308 re-

921 4320 1107 4375 ceived
1147 4320 1328 4374 notice
1369 4321 1540 4388 (from
1579 4320 1802 4375 himself
1838 4321 1885 4375 it
1925 4338 2034 4375 was
2058 4320 2329 4391 believed)
2353 4322 2475 4376 that
2497 4324 2566 4377 he
2589 4324 2847 4379 intended
2869 4332 2926 4379 to
2968 4326 3109 4379 seize
3198 4343 3303 4390 em,

920 4392 1028 4445 and
1052 4408 1175 4444 esca
1209 4392 1296 4445 ed.
1371 4398 1410 4425 “
1431 4392 1643 4446 Prorex
1668 4400 1725 4445 et
1747 4400 1964 4447 senatus
1986 4392 2171 4465 regius
2209 4392 2289 4446 illi
2328 4393 2462 4447 vitio
2488 4402 2770 4449 verterunt
2795 4396 2940 4467 quod
2964 4396 3165 4451 fratres
3187 4404 3303 4451 tam

919 4478 1090 4533 prope
1112 4462 1184 4516 ha
1220 4462 1359 4516 itare
1381 4463 1737 4535 pez-miserie·
2534 4496 2539 4499 ·

2764 4610 2791 4667 Ι
