3634 5842
415 690 553 735 ur.
599 669 722 753 ιι]
1013 689 1098 733 nu
1140 688 1341 735 nuum
1384 686 1748 741 mmmmm
1789 686 2123 734 Anneium.
2665 669 2787 733 211

413 843 620 909 fordus
649 866 686 909 a
711 840 1000 909 militibus
1029 840 1265 907 Ibernis
1293 840 1546 921 duobus,
1578 840 1795 927 quibus
1826 862 2107 927 magnum
2124 842 2431 926 praemium
2460 844 2790 929 proposuit,

416 930 521 996 diu
547 930 777 997 levatus
805 926 1046 993 tandem
1072 949 1251 993 cursu
1279 938 1587 1016 superatus
1637 927 1945 1006 occiditur,
1976 950 2082 1015 per
2109 928 2264 993 latus
2293 930 2571 1015 trajectus
2599 930 2787 995 basta.

415 1015 678 1083 Arbores
705 1038 870 1083 ceesoe
890 1022 950 1081 et
975 1014 1329 1101 impeditum
1356 1014 1471 1081 iter
1495 1013 1864 1100 fugientibus
1894 1037 2111 1102 magno
2150 1014 2575 1101 impedimento
2604 1024 2789 1095 erant,

417 1103 524 1169 ubi
551 1127 674 1170 non
703 1102 882 1169 modo
911 1124 1072 1167 arma
1098 1101 1203 1167 sed
1231 1108 1292 1167 et
1317 1111 1510 1169 vestes
1557 1101 1778 1169 relietae
1826 1108 1987 1167 sunt.
2075 1101 2199 1167 Vix
2225 1104 2410 1168 evasit
2450 1102 2794 1169 Dunkillini

415 1190 580 1258 baro.
621 1264 640 1275 ‚
667 1190 838 1256 Mille
885 1188 1157 1289 passibus
1198 1212 1235 1254 a
1275 1188 1477 1255 Bullia
1523 1189 1781 1255 occurrit
1824 1188 2192 1275 fugientibus
2236 1189 2455 1255 auxilio
2505 1189 2793 1256 Griffinus

417 1300 556 1343 cum
583 1278 747 1343 omni
773 1282 1063 1363 equitatu,
1091 1275 1432 1361 primosque
1457 1274 1794 1342 Catholicos
1809 1276 2042 1343 hostem
2068 1275 2456 1363 incomposite
2483 1282 2795 1363 sequentes

421 1372 484 1431 et
513 1364 848 1430 occidentes
893 1364 959 1429 in
1005 1363 1211 1447 fugam
1261 1364 1479 1443 vertit3
1525 1362 1628 1428 sed
1672 1362 1996 1429 O’Ruarko
2021 1362 2357 1429 Catholicos
2384 1365 2703 1464 recipiente
2731 1369 2792 1428 et

399 1452 803 1520 ,confirmante
829 1457 890 1516 et
915 1449 1189 1515 hostibus
1214 1450 1544 1529 resistente,
1575 1450 1696 1515 duo
1725 1450 1969 1517 vulnera
1995 1451 2287 1536 accipiens
2306 1450 2527 1537 duplici
2554 1450 2788 1535 glande,

415 1538 667 1603 alterum
695 1538 934 1603 dexter&
959 1558 1160 1615 manu,
1192 1536 1444 1602 alterum
1471 1535 1712 1601 dextero
1727 1536 1965 1616 femine,
1984 1538 2315 1622 equitatum
2340 1538 2555 1625 pedem
2580 1537 2793 1602 referre

413 1626 576 1691 facit.
663 1624 892 1689 Rursus
922 1629 1252 1709 sequuntur
1278 1622 1572 1689 Catholici
1612 1643 1803 1709 usque
1834 1622 1909 1688 ad
1950 1622 2229 1701 Bulliam,
2260 1646 2380 1709 quo
2411 1624 2697 1689 Griffinus
2728 1646 2792 1689 se

413 1712 646 1797 recipit.
730 1710 1046 1776 Perierunt
1090 1731 1162 1774 ex
1211 1710 1390 1796 regiis
1439 1732 1577 1774 cum
1627 1708 1909 1775 Cliffordo
1957 1709 2234 1796 praefecto
2262 1716 2323 1775 et
2353 1710 2617 1775 Hem-ico
2646 1710 2792 1775 Rat-

415 1798 614 1865 cliffiio
643 1797 759 1864 alio
787 1796 976 1863 nobili
1001 1796 1205 1881 Angla
1251 1796 1412 1862 mille
1441 1801 1502 1861 et
1531 1795 1925 1881 quadraginti,
1958 1796 2061 1882 qui
2087 1795 2210 1861 fere
2259 1796 2446 1883 Angli
2474 1803 2535 1863 et
2563 1796 2791 1883 Anglo-

415 1885 624 1951 Iberni
651 1884 1020 1950 Midhienses
1049 1888 1236 1962 erant,
1265 1905 1403 1949 nam
1432 1882 1762 1949 Connachti
1790 1890 2032 1969 propter
2056 1881 2321 1948 locorum
2350 1883 2621 1969 peritiam
2648 1884 2789 1948 faci-

412 1972 531 2037 lius
559 1978 703 2036 sunt
729 1971 931 2058 elapsi.
1017 1970 1115 2035 Ex
1143 1968 1462 2035 Catholicis
1515 1976 1757 2035 centum
1807 1970 2197 2055 quadraginta
2228 1970 2471 2035 fuerunt
2498 1968 2792 2035 vulnerati

417 2066 480 2125 et
509 2058 837 2125 desiderati.
926 2056 1116 2143 Capta
1143 2063 1284 2121 sunt
1312 2056 1610 2141 regiorum
1638 2056 1837 2121 omnia
1864 2056 1985 2121 fere
2014 2078 2192 2136 arma,
2224 2057 2273 2120 si
2360 2080 2395 2121 a
2423 2063 2483 2121 et
2509 2062 2538 2121 t
2635 2078 2791 2142 pana

413 2145 712 2224 militaria,
740 2144 1161 2231 impedimenta
1189 2150 1248 2209 et
1277 2142 1480 2209 multae
1524 2149 1740 2209 vestes.
1828 2138 2121 2209 O'Nelffls
2152 2143 2255 2228 qui
2275 2078 2537 2208 &Dono
2582 2165 2617 2207 o
2648 2164 2765 2207 aux

415 2232 522 2297 iiio
551 2232 824 2298 veniebat
853 2231 1108 2298 duorum
1157 2230 1386 2296 diemm
1433 2230 1646 2295 itinere
1688 2227 1911 2298 aberat.
1994 2229 2263 2296 Cliffordi
2310 2252 2453 2297 nece
2483 2228 2793 2329 divulguta

415 2318 663 2385 Navalis
691 2318 876 2385 classe
926 2318 1208 2383 Galveam
1253 2317 1568 2382 revehitur.
1657 2316 2018 2383 O'Oonchur
2044 2338 2170 2382 sese
2199 2314 2521 2383 O'Donelli
2548 2315 2791 2383 arbitrio

491 2406 762 2471 rmittens
811 2404 885 2470 ab
935 2427 1006 2470 eo
1051 2405 1116 2469 in
1163 2404 1466 2489 integrum
1516 2402 1806 2489 Sligachae
1854 2404 2252 2490 principatum
2300 2404 2634 2469 restituitur
2662 2402 2792 2468 aliis

412 2428 590 2559 Rgnis
634 2491 970 2557 cumulatus
1015 2496 1076 2555 et
1119 2497 1484 2555 sacramento
1527 2496 1772 2575 rogatus
1820 2490 1956 2576 ipsi'
1981 2490 2257 2576 deinceps
2296 2491 2365 2556 in
2388 2489 2793 2556 Protestantes

411 2580 542 2646 fore
569 2577 888 2660 auidli0.*u
2818 2582 2998 2651 [167.]

1438 2971 1618 3038 CAP.
1665 2972 1784 3041 XI.

1076 3191 1225 3257 Quid
1247 3192 1512 3249 Essexiua
1536 3194 1593 3249 in
1616 3194 1849 3251 Ultonia
1868 3198 2101 3268 gesserit
2118 3204 2142 3251 i>

413 3382 752 3451 stonum
779 3402 982 3446 mense
1011 3378 1086 3445 Se
1128 3379 1344 3446 tembri
1371 3402 1569 3447 comes
1596 3379 1887 3448 Essexius
1914 3405 1987 3447 ex
2016 3383 2239 3468 Angli&
2268 3390 2501 3471 recepto
2532 3383 2797 3450 subsidio

413 3470 564 3535 fines
593 3466 857 3532 Ultoniae
893 3468 1064 3552 ingre
1111 3468 1246 3541 tur.
1334 3468 1427 3533 Eo
1457 3467 1718 3535 O’Nello
1768 3492 1908 3535 cum
1958 3470 2080 3534 suis
2110 3471 2295 3556 copiis
2325 3494 2452 3537 sese
2480 3471 2797 3536 ostendens

415 3578 526 3643 per
576 3552 902 3641 Haganum
956 3554 1126 3638 petit,
1185 3561 1258 3618 ut
1298 3554 1674 3640 colloquendi
1717 3561 2071 3641 potestatem
2116 3555 2311 3622 faciat.
2396 3556 2679 3622 Essexius
2707 3580 2797 3622 re·

417 3641 676 3728 spondet
703 3663 766 3707 se
793 3646 1030 3728 postero
1062 3640 1160 3705 die
1207 3640 1275 3705 in
1302 3642 1426 3707 acie
1447 3664 1573 3707 esse
1601 3641 2092 3707 conveniendum.
2155 3641 2297 3713 Qus.
2324 3642 2419 3708 die
2448 3666 2519 3708 ex
2548 3651 2683 3709 utra
2721 3665 2799 3709 ue

413 3734 586 3816 parte
613 3728 778 3794 missi
805 3728 1037 3815 equites
1065 3732 1127 3793 et
1153 3726 1560 3793 fulminatores
1587 3728 1796 3794 leviter
1812 3727 2155 3793 velitantur.
2242 3728 2473 3794 Rursus
2502 3729 2679 3796 O'Ne
2722 3752 2797 3795 us

413 3815 736 3902 colloquim
763 3814 934 3902 petit,
966 3812 1129 3900 quod
1156 3812 1438 3879 Essexius
1467 3814 1692 3880 diutius
1717 3814 2059 3901 negandum
2086 3836 2211 3880 non
2258 3818 2509 3903 putavit.
2598 3814 2796 3882 Ambo

415 3902 496 3970 ad
521 3901 930 3968 interlabentis
955 3900 1220 3966 fluminis
1247 3901 1404 3987 ripas
1431 3901 1776 3968 accedentes
1803 3900 1915 3967 soli
1942 3900 2083 3967 hine
2112 3901 2253 3967 inde
2279 3902 2674 3988 loquuntur.†
2700 3902 2795 3969 Ex

417 4010 542 4076 quo
571 3988 845 4055 effectum
874 3994 968 4053 est
1007 3994 1079 4052 ut
1117 3994 1326 4053 octavo
1361 3987 1457 4053 die
1486 3986 1848 4076 Septembris
1874 4010 2078 4054 rursus
2106 3991 2529 4056 convenientes·
2548 3996 2798 4075 uterque

415 4076 736 4143 comitatus
806 4080 943 4140 octo
1015 4096 1090 4140 ex
1168 4073 1559 4141 nobilioribus
1643 4076 1739 4141 sui
1825 4076 2117 4143 exercitus
2200 4076 2470 4143 inducias
2552 4076 2799 4142 fecerint

417 4184 613 4249 usque
663 4162 742 4229 nd
791 4160 1096 4229 Kalendas
1141 4160 1292 4227 Maii
1325 4163 1625 4248 sequentis
1671 4164 1816 4229 anni
1864 4186 1935 4230 ea
1977 4164 2129 4251 lege,
2178 4169 2251 4229 ut
2297 4171 2549 4252 uterque
2596 4170 2799 4250 posset

491 4379 516 4405 ·
555 4376 706 4433 Four
729 4334 984 4440 Masta-s,
1007 4392 1064 4447 p.
1091 4374 1254 4434 2137.

489 4448 534 4519 †
569 4448 708 4503 This
731 4446 1054 4503 conference
1089 4464 1200 4501 was
1240 4444 1371 4500 held
1408 4452 1468 4500 at
1505 4446 1810 4521 Anagclart
1850 4446 2063 4517 bridge,
2089 4466 2160 4501 on
2202 4448 2297 4502 the
2321 4446 2533 4520 Lagan,
2557 4450 2801 4505 between

419 4519 520 4575 the
543 4520 788 4575 connties
813 4518 878 4573 of
907 4516 1094 4573 Louth
1117 4517 1226 4571 and
1269 4517 1369 4572 Mo
1479 4517 1790 4573 ham—See
1832 4518 1991 4572 other
2014 4525 2275 4573 accounts
2298 4518 2365 4573 of
2390 4518 2455 4581 it,
2480 4522 2631 4576 Four
2652 4522 2805 4576 Μω-

419 4598 549 4676 ιεζε,
571 4609 627 4675 p.
654 4594 797 4645 2139
823 4609 842 4658 ς
879 4588 1158 4673 Dyr-molt,
1181 4606 1236 4661 p.
1263 4590 1372 4655 983
1635 4589 1687 4643 I.
1716 4586 1790 4643 A.
1824 4588 2049 4659 Society.
2127 4588 2311 4644 There
2338 4606 2449 4645 πυ
2471 4609 2542 4648 no
2566 4593 2706 4667 fight
2739 4610 2805 4648 or

421 4662 733 4805 {riur‘rgxssthio
759 4659 928 4804 gelae
921 4678 1206 4789 {iiber-nah
1201 4668 1261 4715 to
1304 4660 1401 4715 the
1441 4659 1610 4716 north
1651 4660 1915 4732 occupied
1954 4660 2264 4733 altogether
2304 4660 2449 4717 from
2473 4664 2568 4719 the
2591 4665 2725 4720 seth
2750 4664 2815 4719 of
