3634 5842
306 747 442 792 car.
488 726 587 810 x.]
969 747 1054 792 nr,
1097 746 1300 790 nunno
1344 747 1706 796 Qumnccm
1754 746 2091 792 Annouuu.
2582 729 2707 791 229

303 901 532 966 tatione
561 898 1015 985 contemplatur.
1105 899 1198 963 Ea
1224 899 1400 979 vanc,
1431 900 1608 980 fossa,
1638 901 1925 980 turribus,
1956 899 2269 966 tormentis
2298 905 2469 964 erant
2510 901 2707 964 muni-

305 988 556 1066 tissima,
587 985 806 1051 milites
833 986 900 1050 in
929 986 1125 1064 armis,
1159 987 1296 1072 equi
1345 987 1596 1053 fraenati.
1683 987 1937 1054 Ibernos
1981 989 2159 1053 etiam
2187 1007 2439 1052 numero
2468 1008 2707 1073 supera-

305 1074 496 1140 bant:
541 1095 682 1138 nam
711 1072 890 1137 multi
918 1094 992 1136 ex
1019 1073 1243 1150 castris,
1275 1073 1570 1160 praecipue
1599 1073 1899 1140 Momonii
1956 1073 2327 1160 pabulatum,
2359 1079 2419 1137 et
2448 1074 2709 1138 frumen-

307 1168 507 1226 tatum
534 1158 728 1247 pridie
775 1158 938 1224 illius
986 1158 1102 1223 diei
1191 1161 1401 1226 rofeeti
1445 1160 1709 1228 aberant.
1802 1161 2177 1227 O’Donellus
2214 1183 2352 1226 cum
2382 1161 2507 1226 acie
2537 1161 2712 1226 tertia

309 1269 437 1313 non
463 1251 832 1332 pervenerat.
921 1181 1324 1316 Quamobrem
1354 1247 1430 1312 O’
1436 1248 1492 1312 N
1501 1247 1652 1313 ellus
1683 1271 1756 1313 ex
1786 1248 2011 1314 dueum
2052 1247 2348 1313 sententia
2402 1247 2472 1311 in
2528 1246 2711 1312 alium

313 1335 471 1399 diem
493 1333 788 1412 differens,
818 1333 1057 1418 agmina
1099 1333 1312 1417 pedem
1357 1335 1573 1400 referre
1628 1334 1811 1401 ubet.
1902 1333 2057 1405 Quae
2102 1334 2461 1419 quingentos
2501 1355 2713 1418 passus

313 1442 548 1486 reversa
576 1418 980 1485 O'Donellum
1007 1419 1399 1500 offenderunt,
1432 1428 1494 1485 et
1539 1443 1610 1486 eo
1653 1443 1749 1487 em
1785 1426 2091 1486 momento
2120 1421 2409 1506 temporis
2487 1421 2714 1505 roregis

316 1507 618 1594 equitatus
647 1506 856 1585 adfuit,
889 1525 1068 1591 quem
1115 1507 1332 1572 vadum
1383 1509 1639 1592 proximi
1665 1509 1931 1574 fluminis
1975 1507 2293 1593 trajectum
2343 1443 2715 1570 O’Bonellus

317 1616 454 1659 cum
487 1594 760 1678 equitatu
789 1615 898 1658 suo
928 1591 1246 1658 adcurrens
1277 1615 1380 1678 per
1407 1592 1568 1659 idem
1597 1595 1819 1660 vadum
1846 1593 2156 1680 repulsum
2182 1594 2251 1657 in
2279 1592 2347 1657 fu
2426 1615 2487 1656 m
2514 1593 2714 1657 vertit.

317 1681 552 1745 Rursus
593 1679 862 1766 protegis
889 1679 1194 1764 equitatus
1239 1701 1508 1745 reversus
1535 1681 1756 1746 vadum
1785 1681 2051 1767 trajicere
2081 1687 2295 1745 tentat.
2422 1678 2719 1744 Donellus

319 1774 486 1832 ratus
511 1765 684 1831 illum
711 1767 870 1830 inter
898 1787 980 1842 se,
1013 1775 1074 1830 et
1124 1765 1342 1831 vadum
1387 1766 1559 1833 facile
1587 1791 1666 1856 op
1708 1768 1844 1833 rimi
1881 1788 2074 1852 posse,
2104 1766 2239 1831 loco
2269 1767 2489 1832 sensim
2541 1765 2718 1844 cedit,

319 1852 484 2006 333⁶
513 1853 1566 2006 dussffids‘iussffifflffifflissff?
1594 1877 1696 2006 ἷξε
1718 1876 1880 2007 ffu’
1910 1852 2007 2005 {2¹
2034 1851 2469 2004 ὼὲῗέἓέἶώῗ
2483 1860 2721 2004 ἒῖᾱῖἔξξ

320 1961 1020 2110 ΙιιιατὲξωῙιιοὲωΡοεὶὺὶ
1070 2025 1300 2112 pedites
1331 2049 1458 2092 sese
1499 1961 1660 2114 fugae
1703 1963 2009 2092 mffintf
2030 1962 2275 2091 peIdem
2304 1961 2449 2091 fagilt
2477 2024 2719 2091 O'Nelli

321 2135 554 2199 agmen,
580 2119 642 2177 et
661 2113 836 2178 etiam
864 2110 1269 2191 O'Sullevani,
1299 2113 1573 2179 hostibus
1601 2112 1849 2180 minim6
1877 2111 2234 2200 cogentibus
2264 2118 2324 2176 et
2352 2111 2721 2198 principibus

323 2201 544 2266 frustra
570 2197 1048 2264 reclamantibus.
1137 2198 1236 2265 Ita
1265 2201 1476 2286 panico
1505 2207 1728 2268 terrore
1755 2222 1963 2266 omnes
1991 2199 2250 2286 perculsi
2302 2205 2464 2278 sunt,
2490 2198 2588 2264 vel
2614 2221 2722 2284 po-

321 2289 444 2353 tius
489 2286 691 2352 divina
718 2285 982 2351 vindicta
1010 2286 1222 2371 fugati.
1310 2285 1710 2372 Fugientibus
1735 2289 1939 2373 regius
1966 2288 2267 2373 equitatus
2304 2286 2457 2351 nihil
2487 2286 2723 2352 audaci-

323 2382 415 2439 ter
447 2373 652 2451 haeret,
703 2379 923 2459 putans
970 2373 1038 2438 in
1084 2373 1332 2438 insidias
1361 2395 1424 2440 se
1453 2375 1626 2441 trahi.
1717 2373 1905 2440 Multi
1936 2373 2167 2459 equites
2218 2372 2443 2452 Iberni,
2490 2373 2595 2459 qui
2646 2372 2723 2438 ab

324 2460 664 2545 Anglorum
690 2464 858 2544 parte
885 2455 1141 2538 stabant,
1172 2459 1510 2526 Catholicos
1535 2462 1757 2526 frustra
1783 2461 2156 2539 confirmant,
2196 2459 2530 2539 suadentes,
2563 2458 2726 2524 utin

329 2546 598 2647 praelium
627 2545 890 2624 redeant,
921 2565 1102 2631 seque
1129 2545 1250 2611 illis
1280 2546 1406 2612 fore
1435 2547 1673 2613 auxilio.
1764 2545 1903 2613 O’N
1912 2546 2081 2625 ellus,
2128 2552 2191 2609 et
2220 2544 2592 2610 O’Donellus
2622 2568 2727 2610 eos

325 2656 392 2698 m
421 2654 688 2719 pugnam
715 2631 996 2697 reducere
1041 2654 1165 2697 non
1211 2639 1561 2718 potuerunt.
1649 2632 2103 2710 O’Sullevanus,
2135 2630 2412 2710 Tirenus,
2463 2631 2727 2717 Hispani

331 2721 512 2785 duces
542 2740 679 2783 cum
706 2718 910 2803 paucis
939 2719 1156 2784 reversi
1182 2718 1374 2784 hostis
1401 2721 1688 2806 impetum
1707 2721 1927 2805 partim
1943 2719 2376 2783 sustinuerunt.
2425 2716 2563 2782 Hoc
2586 2717 2728 2783 die*

331 2805 776 2872 succubuerunt
803 2827 878 2869 ex
928 2802 1174 2870 O'Nelli
1225 2805 1487 2871 exercitu
1537 2807 1768 2893 pedites
1797 2804 2079 2884 ducenti3
2111 2827 2187 2869 ex
2213 2803 2432 2889 Anglis
2460 2812 2581 2868 tres
2609 2805 2725 2868 viri

329 2892 580 2958 nobiles.
667 2891 880 2957 Comes
929 2891 1388 2959 Clanrichardus
1432 2892 1512 2959 ob
1562 2893 1845 2958 virtutem
1895 2892 2111 2978 equitis
2155 2891 2370 2956 Aurati
2418 2891 2660 2956 nomine
2689 2891 2727 2956 ὲ

333 2981 591 3068 Prorege
619 2978 894 3045 donatur.
1753 3005 1762 3014 ·

1370 3395 1551 3462 CAP.
1597 3395 1678 3461 X.

409 3619 672 3676 O'Nellus
695 3619 752 3672 in
779 3619 1064 3674 Ultoniam
1087 3621 1418 3674 revertitur:
1452 3619 1789 3744 O'Izonellus
1813 3623 1871 3676 in
1896 3621 2219 3694 Hispaniam
2244 3623 2440 3678 soluit:
2470 3625 2675 3696 Aquila

1406 3707 1556 3762 sequi
1584 3710 1672 3745 ur.
2164 3717 2171 3725 ·

349 3864 709 3942 O’Nums,
787 3864 889 3948 qui
931 3871 1168 3951 recepto
1241 3863 1478 3944 damac,
1524 3863 1676 3929 nihil
1732 3865 1959 3932 viribus
2014 3867 2327 3935 invalidior
2383 3876 2526 3949 erat,
2585 3871 2733 3958 pris-

349 3952 482 4018 tino
552 3973 716 4014 more
786 3950 1015 4029 statuit,
1087 3973 1225 4016 cum
1297 3951 1470 4016 hoste
1541 3973 1744 4036 gerere
1817 3952 2059 4018 bellum.
2072 3957 2098 4037 ΙΙ
2220 3955 2299 4021 Id
2354 3961 2558 4022 tamen
2612 3959 2737 4023 suis
2761 3974 2938 4044 [ιτα]
3018 3976 3023 3984 ’

351 4037 595 4104 minime
668 4037 869 4123 potuit
949 4039 1315 4122 persuadere.
1433 4037 1714 4124 Namque
1774 4038 2177 4113 O'Ruarkus†
2236 4043 2341 4128 qui
2411 4044 2737 4110 Thadaeum

356 4123 749 4190 O'Ruarkum
776 4124 1016 4189 fratrem
1045 4147 1218 4190 suum
1241 4126 1306 4190 in
1327 4123 1617 4190 Brethnia
1642 4126 1936 4207 relictum,
1966 4127 2116 4193 velle
2142 4127 2314 4194 illum
2342 4131 2741 4217 principatum

355 4215 420 4277 in
449 4233 618 4277 suam
647 4219 1003 4297 potestatem
1031 4211 1296 4297 redigere
1325 4210 1611 4293 audierat,
1641 4213 1718 4278 ad
1769 4213 2169 4280 defendendas
2210 4217 2610 4301 possessiones
2652 4241 2741 4283 re-

356 4299 646 4364 vertitur:
737 4320 872 4362 uem
901 4297 1250 4363 Bannaldus
1279 4299 1588 4364 imitatur:
1634 4299 1951 4387 utriusque
1980 4323 2147 4366 exem
2188 4302 2250 4367 lo
2280 4301 2379 4368 alii
2409 4310 2741 4370 moventur.

361 4385 486 4457 Qui
514 4317 843 4450 O'Nellum
873 4405 1110 4470 quoque
1140 4386 1282 4452 satis
1311 4385 1568 4451 invitum
1596 4386 1787 4453 redire
1816 4396 2061 4474 cogunt.
2203 4387 2497 4456 Donellus
2526 4413 2746 4457 munus

437 4621 460 4646 ·
485 4617 524 4672 J
525 4636 730 4743 anuass
754 4623 808 4682 3,
831 4619 986 4674 1602.
1025 4619 1126 4674 See
1145 4620 1398 4674 different
1413 4625 1674 4676 accounts
1691 4622 1758 4676 of
1767 4621 1879 4678 this
1900 4622 2255 4678 unfortunate
2274 4622 2464 4687 battle,
2481 4625 2748 4682 collected

367 4690 437 4762 by
464 4690 574 4744 Mr.
602 4690 669 4744 θ’
731 4707 960 4754 onoma,
984 4709 1074 4763 pp.
1104 4694 1440 4748 2283-2289.

440 4758 480 4819 †
515 4760 670 4815 Four
696 4761 951 4826 Masters,
974 4779 1029 4834 p.
1058 4765 1216 4817 2325.
