3634 5842
402 698 538 743 car.
585 676 678 761 m]
1101 698 1186 742 nn
1227 698 1426 743 senno
1471 697 1836 746 Qumnncm
1879 698 2211 743 annosum
2664 682 2789 745 219

400 853 596 937 Asper
647 852 1157 938 consanguineum
1185 872 1360 915 suum
1405 850 1620 923 Quinti
1649 849 1838 915 filium
1884 850 2165 918 Calvachi
2192 852 2477 936 principis
2506 858 2789 938 nepotem

397 936 618 1024 jubens
636 938 919 1004 adversus
937 961 1040 1004 eos
1055 960 1179 1003 rem
1197 937 1464 1023 gereres*
1483 938 1611 1023 ipse
1626 934 1979 1003 Tomoniam
2007 938 2257 1017 invadit,
2288 946 2351 1002 et
2377 960 2593 1022 magna
2663 947 2793 1003 arte

403 1025 626 1112 diripit,
659 1025 905 1092 domum
948 1048 1023 1091 ue
1049 1024 1366 1091 incolumis
1423 1024 1754 1089 revertitur.
1844 1024 2099 1090 Interim
2125 1025 2334 1092 Docrii
2361 1024 2595 1109 legatus
2676 1046 2793 1090 uco

403 1134 677 1198 egressus
707 1112 784 1179 ob
837 1111 912 1177 O’
981 1112 1218 1178 ocharta
1267 1110 1470 1197 praelio
1521 1110 1835 1177 occiditur.
1921 1111 2177 1197 Jamque
2229 1112 2533 1197 penitebat
2560 1111 2796 1197 Anglos

402 1199 470 1265 in
498 1199 756 1265 Feurum
789 1200 1039 1279 venisse,
1071 1204 1130 1264 et
1180 1222 1216 1263 a
1259 1198 1444 1263 nullis
1491 1196 1729 1265 Ibernis
1758 1198 1950 1285 adjuti
1990 1200 2201 1285 procul
2240 1198 2425 1264 dubio
2454 1200 2573 1264 cito
2602 1221 2795 1265 rever-

403 1292 693 1366 terentur,
723 1287 842 1351 nisi
886 1286 1076 1351 Artus
1126 1284 1422 1363 O'Nellus
1449 1284 1716 1351 Terentii
1742 1285 2027 1373 principis
2056 1286 2215 1351 filius
2258 1286 2334 1350 ad
2364 1307 2465 1351 eos
2496 1308 2559 1351 se
2586 1292 2799 1351 contu-

405 1374 600 1452 lisset;
633 1394 753 1460 quo
782 1372 1159 1439 internuncio
1189 1372 1274 1437 eis
1303 1372 1480 1437 etiam
1503 1374 1698 1458 Asper
1719 1372 2113 1447 conciliatur†
2142 1372 2220 1438 ob
2249 1373 2357 1438 has
2386 1394 2611 1453 causas,
2636 1370 2801 1458 quod

407 1458 501 1525 illi
531 1482 671 1526 cum
699 1458 1035 1526 O'Donello
1065 1459 1334 1524 simultas
1364 1467 1489 1524 erat
1518 1460 1597 1524 ob
1627 1458 1924 1525 Leffiriam
1945 1460 2360 1546 municipium,
2380 1459 2542 1544 quod
2570 1462 2658 1525 As
2700 1481 2801 1524 ero

409 1547 448 1611 a
474 1553 642 1634 patre
670 1547 956 1613 traditum
987 1545 1100 1611 sibi
1129 1544 1500 1611 O'Donellus
1527 1545 1907 1632 adjudicavit,
1938 1545 2120 1611 Finni
2161 1545 2469 1613 castellum
2500 1546 2667 1631 (Cais
2690 1568 2803 1611 ean

410 1656 489 1699 na
537 1632 742 1718 Finni)
777 1637 1008 1719 Aspero
1037 1633 1224 1698 dans:
1269 1634 1429 1718 quod
1488 1633 1668 1698 etiam
1725 1632 2000 1719 sperabat
2057 1634 2108 1698 si
2136 1632 2325 1719 Angli
2364 1632 2689 1712 vincerent,
2740 1654 2804 1697 se

411 1721 686 1786 futurum
734 1719 1158 1798 O'Donellum‚
1207 1726 1268 1784 et
1309 1742 1432 1785 suae
1477 1719 1716 1785 familiae
1766 1720 2113 1805 principem,
2166 1720 2323 1784 sicut
2370 1719 2543 1783 illum
2602 1719 2806 1784 statim

413 1810 516 1873 An
557 1807 690 1873 lice
733 1814 908 1874 erunt
935 1808 1259 1885 nominare,
1289 1806 1523 1892 magnis
1552 1804 1683 1871 aliis
1710 1808 2033 1893 propositis
2061 1807 2380 1892 praemiis.‡
2422 1806 2638 1892 Itaque
2668 1828 2807 1871 cum

418 1894 496 1961 O’
561 1916 674 1959 one
723 1917 792 1959 us
808 1916 1016 1960 rursus
1036 1894 1102 1959 in
1117 1894 1409 1959 Tomonia
1423 1894 1538 1959 iter
1557 1893 1830 1979 cepisset,
1849 1895 2043 1979 Asper
2060 1916 2188 1959 eam
2209 1894 2575 1959 occasionem
2594 1915 2809 1980 oppor-

418 1988 630 2047 tunam
657 1988 844 2062 ratus,
875 1980 950 2045 ad
980 1979 1214 2066 Anglos
1243 2003 1306 2045 se
1336 1981 1565 2045 confert
1597 1979 1706 2067 (ob
1733 1980 1799 2045 id
1817 1981 1855 2045 ὲ
1876 1979 2061 2046 Nolla
2086 1982 2343 2066 con'uge
2360 2004 2468 2046 sua
2488 1979 2811 2046 O'Donelli

421 2090 620 2133 sorore
650 2067 1001 2151 desertum),
1035 2066 1254 2153 quibus
1281 2066 1604 2148 Leffiriam,
1636 2088 1814 2154 quam
1846 2068 1973 2153 ipse
2003 2075 2173 2133 custo
2222 2068 2289 2133 'ae
2324 2090 2502 2132 causa
2544 2066 2807 2145 tenebat,

419 2153 658 2236 tradit.§
710 2156 785 2220 In
818 2178 886 2221 ea
914 2156 1101 2241 Angli
1132 2155 1336 2220 decem
1365 2155 1638 2221 cohortes
1662 2154 1943 2254 praesidio
1972 2155 2283 2220 collocant.
2330 2154 2407 2218 Id
2437 2153 2511 2219 Ο)
2526 2153 2809 2220 Donellus

422 2264 563 2307 cum
608 2242 985 2327 intelligeret,
1036 2242 1420 2307 Tomonicam
1467 2241 1903 2327 exped1tionem
1954 2240 2314 2327 relinquenS,
2345 2242 2507 2307 haud
2537 2240 2745 2329 proc-ul
2775 2240 2813 2304 a

423 2328 682 2408 Leffiria,
714 2330 929 2396 stativa
973 2328 1255 2415 disponit.
1343 2328 1492 2393 Erat
1520 2330 1715 2415 Asper
1766 2330 1855 2393 vir
1906 2330 2102 2395 animo
2132 2350 2372 2413 magne,
2404 2336 2466 2393 et
2494 2328 2722 2406 audaci,
2753 2338 2816 2392 et

423 2416 512 2481 rei
538 2417 809 2481 militaris
839 2416 1090 2481 seientia
1108 2416 1412 2501 praeditus,
1444 2422 1622 2500 atque
1671 2414 1893 2480 multos
1923 2416 1960 2480 ὲ
1988 2439 2096 2480 sua
2123 2426 2289 2501 parte
2317 2415 2680 2480 Tirconellos
2708 2414 2814 2479 ha-

423 2502 622 2580 bebat,
652 2524 908 2588 quorum
937 2524 1133 2588 opera,
1165 2509 1225 2565 et
1253 2501 1474 2567 virtute
1501 2502 1690 2566 fretus
1715 2502 1783 2567 in
1812 2502 1991 2588 plano
2022 2523 2159 2567 cum
2209 2502 2529 2567 Catholicis
2574 2523 2819 2566 manum

427 2609 738 2655 conserere
765 2610 890 2653 non
939 2586 1289 2653 recusabat:
1337 2588 1514 2652 fidem
1543 2595 1743 2653 tamen
1773 2587 2141 2653 Catholicam
2171 2610 2401 2673 semper
2429 2589 2675 2653 retinuit
2701 2588 2824 2652 hoe-

425 2676 748 2740 reticorum
776 2674 1154 2739 caeremonias
1205 2680 1525 2752 aversatus,
1563 2674 1720 2739 sicut
1778 2682 1841 2739 et
1868 2674 2076 2754 Artas,
2108 2676 2210 2760 qui
2240 2673 2361 2739 cito
2391 2672 2424 2739 ὂ
2453 2676 2577 2739 vita
2605 2674 2822 2739 disces-

431 2762 527 2827 sit.
617 2760 858 2825 Oireum
883 2760 1186 2825 Leffiriam
1213 2760 1372 2838 verb,
1403 2766 1464 2825 et
1490 2758 1728 2825 Lucum
1776 2761 1814 2824 a
1842 2761 2040 2846 regiis,
2071 2768 2133 2825 et
2160 2759 2481 2825 Catholicis
2510 2762 2738 2839 acriter,
2763 2766 2825 2823 et

429 2846 588 2935 saepe
617 2847 962 2913 dimicatum
992 2849 1139 2930 estu
1177 2846 1584 2912 Memorabilis
1612 2852 1702 2911 oet
1731 2848 2021 2932 equestris
2048 2870 2272 2933 pugna,
2304 2870 2421 2932 qua
2448 2848 2625 2933 regiis
2653 2848 2825 2932 fuga·

429 2935 510 3000 tis
538 2934 800 3019 Magnus
830 2932 1152 2999 O'Donelli
1181 2933 1360 2998 frater
1389 2934 1686 3019 Asperum
1702 2932 1837 2999 loeo
1859 2934 2163 3001 cedentem
2194 2935 2365 2999 hasta
2392 2934 2825 2999 transfossurus

432 3022 663 3102 fuisset,
694 3020 812 3086 nisi
847 3023 976 3108 ejus
1018 3021 1206 3086 ictum
1251 3026 1578 3086 removeret
1625 3019 1937 3106 Eugenius
1983 3020 2385 3087 O’Gallachur
2430 3026 2829 3107 cognomento

436 3108 479 3173 J
482 3109 656 3174 unior
703 3107 892 3193 ipsius
939 3107 1152 3193 Magni
1203 3130 1418 3187 eomes»,
1467 3108 1708 3193 pietate,
1756 3116 1819 3172 et
1868 3130 2065 3173 amore
2114 3108 2181 3173 in
2231 3106 2551 3173 O'Nellam
2582 3129 2827 3173 suorum

439 3195 814 3260 dominorum
861 3194 1146 3260 familiam
1191 3203 1412 3259 motus.
1502 3193 1580 3259 In
1632 3216 1810 3281 quam
1854 3194 2139 3261 familiam
2193 3195 2411 3281 dispari
2463 3197 2661 3261 animo
2710 3194 2831 3259 fuit

437 3282 748 3348 Cornelius
780 3280 1201 3361 O'Gallachur‚
1225 3282 1340 3367 qui
1367 3284 1600 3368 Aspero
1648 3283 2009 3367 persuasisse
2038 3282 2245 3361 fertur,
2276 3290 2349 3346 ut
2375 3282 2451 3347 ad
2480 3282 2714 3368 Anglos
2743 3282 2829 3346 fa-

441 3376 601 3435 ceret
642 3368 1074 3449 transitionem,
1105 3375 1166 3434 et
1193 3368 1495 3454 Magnum
1543 3368 1879 3435 vulneravit
1929 3370 2091 3456 apud
2136 3370 2448 3435 Moninem
2487 3370 2661 3455 juxta
2688 3366 2829 3433 Lef·

436 3456 668 3536 firiam;
715 3454 822 3521 ubi
851 3456 1152 3541 equitatus
1181 3456 1463 3540 utrinque
1512 3454 1906 3543 incomposite
1936 3456 2255 3535 concurrit,
2288 3464 2350 3520 et
2377 3456 2642 3540 Magnus
2672 3476 2831 3539 equo

439 3549 647 3608 vectus
672 3543 831 3608 inter
861 3543 1124 3628 quinque
1151 3542 1380 3628 equites
1409 3540 1662 3607 Ibernos
1689 3543 1885 3627 regios
1914 3541 1989 3607 ab
2017 3544 2107 3607 As
2182 3565 2247 3607 ro
2276 3544 2341 3607 in
2371 3541 2612 3607 dextero
2649 3540 2833 3606 latere

440 3630 612 3695 hasta
640 3630 992 3717 percutitur,
1024 3636 1084 3694 et
1113 3628 1550 3695 circumventus
1579 3629 1617 3691 a
1643 3626 1919 3694 Cornelio
1948 3628 2061 3693 sub
2150 3652 2354 3693 umero
2382 3630 2585 3694 icitur.
2674 3626 2830 3693 Has-

437 3724 636 3782 tarum
665 3715 940 3804 cuspides
969 3716 1108 3780 licet
1136 3715 1379 3781 loricam
1409 3738 1531 3781 non
1561 3716 2015 3800 penetraverint,
2040 3724 2239 3779 tamen
2268 3716 2497 3801 Magno
2526 3716 2591 3780 in
2619 3735 2835 3799 corpus

439 3805 782 3869 infixerunt.
872 3802 1230 3867 Rothericus
1301 3801 1468 3866 fratri
1541 3800 1760 3866 auxilio
1821 3800 2063 3867 veniens
2126 3802 2339 3887 Asperi
2397 3809 2607 3887 peetus
2664 3801 2836 3866 hasta

438 3892 668 3990 appetit
700 3917 715 3955 ε
801 3890 996 3975 Asper
1065 3886 1207 3953 loris
1271 3889 1475 3953 tractis
1537 3888 1677 3973 equi
1747 3910 1817 3953 ca
1862 3896 1929 3953 ut
1999 3887 2234 3967 tollens,
2294 3890 2421 3975 ejus
2480 3889 2675 3953 fronte
2735 3910 2837 3953 ex·

442 3978 590 4063 cipit
673 3976 981 4041 Rotherici
1063 3976 1270 4054 ictum,
1345 3997 1464 4059 quo
1551 3996 1740 4059 equus
1846 3996 1959 4039 xus
2018 3975 2302 4039 exanimis
2381 3998 2519 4041 cum
2605 3976 2835 4060 Aspero

444 4065 688 4130 corruit.
799 4062 918 4127 Sed
966 4063 1162 4148 Asper
1235 4062 1272 4126 ὲ
1321 4060 1444 4126 suis
1509 4058 1738 4126 levatus
1787 4059 2087 4127 Leffiriam
2135 4065 2453 4128 revertitur
2500 4061 2836 4128 O’Donello

445 4174 582 4217 cum
613 4149 914 4236 peditibus
930 4148 1456 4235 appropinquante.
1501 4146 1767 4235 Magnus
1795 4171 1870 4215 ex
1898 4148 2242 4214 vulneribus
2260 4151 2385 4235 egit
2402 4150 2655 4215 animam
2678 4149 2837 4213 intra

523 4338 548 4364 ⁶
585 4334 740 4389 Four
767 4332 1024 4393 Masters,
1048 4348 1104 4401 p.
1128 4332 1270 4383 2209
1292 4350 1308 4394 3
1345 4327 1450 4381 but
1473 4327 1626 4382 dates
1649 4345 1746 4382 are
1769 4345 1865 4381 ver
1923 4326 2367 4399 unsatisfactory.

523 4409 554 4474 ἲ
589 4406 704 4460 Art
730 4403 928 4461 O'Neil
971 4400 1224 4455 deserted
1261 4399 1408 4454 June
1454 4401 1502 4452 1.
1577 4398 1710 4453 Nial
1737 4398 1857 4453 Gar
1894 4398 1930 4453 11
1956 4416 2025 4452 011
2056 4396 2298 4453 October
2324 4404 2375 4452 3.
2454 4396 2712 4452 Without
2746 4396 2840 4451 the

449 4478 544 4533 aid
589 4477 656 4532 of
700 4476 856 4531 those
905 4473 1132 4528 traitors
1179 4472 1427 4527 Dowkra
1470 4470 1885 4541 acknowledgea
1932 4469 2003 4526 110
2051 4469 2217 4523 could
2262 4477 2363 4524 not
2409 4470 2545 4523 have
2584 4469 2715 4540 kept
2754 4468 2837 4522 his

521 4548 689 4603 ound.

449 4568 558 4689 grss
597 4618 752 4673 Four
777 4616 1032 4680 Masters,
1055 4632 1108 4687 p.
1140 4616 1302 4669 2209.
1377 4612 1644 4674 Dowkra,
1667 4610 1816 4675 Ibid,
1840 4628 1895 4683 p.
1924 4614 2084 4665 2205.

528 4692 559 4757 5
595 4689 751 4743 Four
777 4689 1032 4749 Μαῖα-0,
1057 4704 1147 4757 pp,
1171 4688 1334 4749 2205,
1359 4685 1518 4738 2211.

532 4764 552 4830 Ι
591 4760 770 4815 These
784 4758 980 4813 details
1001 4758 1060 4811 in
1084 4756 1419 4813 accon-donce
1441 4754 1574 4809 with
1598 4754 1845 4809 Dowkra
1868 4752 1975 4807 and
2002 4752 2155 4809 Four
2182 4750 2437 4808 Masters.
