3634 5842
888 681 1013 743 310
1318 686 1737 748 οέυιιΕνΑΝι
1768 701 2084 748 merom
2115 701 2513 760 cxl-nouem,
2543 702 2690 748 rou.
2725 702 2810 747 ιν.
2991 681 3148 767 [us.
3197 703 3279 748 11.

1880 1066 2059 1132 OAP.
2103 1067 2232 1133 111.

1158 1270 1309 1334 Quas
1332 1271 1480 1346 leges
1506 1269 1679 1344 Angli
1706 1269 2044 1326 Parlamenti
2069 1270 2400 1333 auctoritate
2423 1270 2636 1328 sancire
2660 1272 2954 1328 voluerunt
2971 1279 2994 1326 2

886 1473 1246 1539 θωτηοηε
1274 1470 1584 1550 Catholici,
1660 1471 1824 1558 qnod
1880 1471 2124 1536 minime
2181 1478 2550 1558 compertum
2607 1473 2924 1554 habebant,
2955 1473 3174 1560 quibus
3202 1475 3276 1542 de

884 1559 1061 1626 rebus
1091 1566 1245 1624 esset
1272 1558 1339 1624 in
1366 1557 1731 1644 parlamento
1789 1557 2243 1638 decernendum,
2295 1557 2453 1624 varie
2495 1561 2904 1646 angebantur:
2949 1562 3055 1646 qui
3105 1563 3278 1627 inten

884 1648 1113 1712 tissima
1176 1646 1539 1732 cogitatione
1612 1645 1880 1711 distracti
1957 1653 2098 1730 post
2167 1645 2428 1731 longam,
2509 1655 2688 1733 atque
2759 1648 3276 1734 diligentissimam

886 1733 1408 1820 investigationem
1464 1733 1619 1797 inter
1674 1733 1864 1798 futuri
1920 1731 2270 1818 parlamenti
2343 1733 2575 1800 decreta
2628 1741 2972 1820 repererunt
3019 1735 3277 1821 Anglioe

886 1822 1200 1906 scriptum,
1260 1827 1332 1884 ut
1380 1821 1445 1885 in
1495 1819 1859 1905 parlamento
1905 1818 2158 1884 relatum
2207 1826 2546 1886 senatorum
2591 1823 2939 1888 auctoritate
2987 1823 3276 1909 reciperet

885 1908 1041 1994 legis
1070 1908 1373 1993 vigorem:
1421 1906 1583 1994 quod
1612 1906 1697 1972 ita
1724 1930 1761 1972 a
1787 1905 1962 1972 nobis
1990 1905 2276 1972 Latinum
2305 1906 2604 1974 redditum
2645 1915 2754 1974 est.

956 2167 1097 2221 Onm
1120 2167 1301 2235 multi,
1312 2167 1405 2238 qui
1428 2183 1485 2220 se
1508 2165 1836 2237 profitentur
1860 2181 1994 2230 esse,
2019 2179 2181 2248 seque
2222 2163 2494 2236 appellant
2516 2163 2965 2238 archiepiscopos,
2989 2173 3045 2220 et
3067 2165 3273 2238 episco-

882 2255 1000 2309 pos,
1024 2238 1255 2293 vicarios
1276 2237 1578 2310 generales,
1602 2237 1854 2298 decanos,
1895 2233 2323 2302 archidiaconos,
2349 2234 2567 2299 stati-es,
2601 2235 2867 2302 semitas,
2893 2237 3068 2292 Presb
3191 2252 3271 2300 os,

882 2309 1266 2372 seminar-istas,
1290 2316 1347 2363 et
1381 2307 1517 2362 alios
1561 2306 1807 2369 clericos,
1850 2323 1914 2360 ac
1939 2305 2031 2377 qui
2073 2305 2132 2359 in
2169 2305 2546 2360 transmarinis
2584 2306 2738 2372 locis,
2781 2308 2949 2362 sacris
2989 2327 3053 2362 or
3094 2305 3272 2362 ‘nibus

881 2379 1086 2434 initiati
1130 2379 1375 2442 fuerunt,
1416 2376 1832 2448 initianturque,
1874 2375 2172 2431 secundum
2229 2377 2693 2442 consuetudinem,
2730 2385 2787 2433 et
2827 2379 2968 2433 ritus
3004 2379 3270 2433 Romanae

882 2467 1187 2522 synagoge,
1211 2451 1397 2522 paucis
1421 2449 1615 2503 abhinc
1640 2449 1795 2502 annis
1820 2448 1878 2501 in
1903 2447 2184 2503 Hiberniae
2207 2465 2457 2532 regnum,
2483 2447 2722 2520 aliasque
2755 2451 2917 2521 regie
2941 2467 3051 2504 sue
3074 2446 3268 2518 majes-

880 2521 1010 2574 tatis
1036 2522 1265 2576 ditiones
1287 2521 1553 2582 venerint,
1576 2518 1832 2590 missique
1855 2519 2077 2584 fuerint,
2102 2527 2158 2573 et
2181 2517 2353 2572 indies
2371 2518 2561 2603 plures
2598 2520 2838 2586 veniant,
2861 2529 3024 2593 atque
3047 2523 3268 2576 mittan-

882 2598 994 2654 tur,
1020 2609 1128 2646 non
1155 2592 1261 2651 alio
1286 2590 1509 2646 consilio
1556 2591 1724 2659 (sicut
1764 2597 1886 2644 tum
1929 2591 2172 2660 ipsorum
2215 2606 2476 2653 examine,
2519 2597 2576 2644 et
2617 2591 2966 2658 confessione,
3005 2601 3124 2646 tum
3148 2590 3267 2646 aliis

881 2663 1065 2728 variis,
1090 2671 1145 2718 et
1185 2663 1483 2718 manifestis
1526 2663 1646 2725 viis,
1686 2669 1850 2732 atque
1892 2660 2304 2732 probationibus
2345 2669 2686 2732 compertum
2729 2665 2837 2733 est)
2864 2681 3024 2734 quam
3058 2671 3124 2718 ut
3157 2679 3266 2716 non

880 2733 1056 2788 solum
1080 2735 1424 2789 subditorum
1448 2733 1653 2788 animos
1679 2750 1714 2786 a
1734 2749 1866 2805 rege
1890 2739 2140 2786 avertant
2164 2749 2289 2786 cum
2312 2732 2520 2804 ingenti
2545 2732 2661 2802 ejus
2684 2733 2946 2805 periculo,
2981 2736 3078 2788 sed
3100 2734 3266 2789 etiam

889 2812 953 2859 ut
975 2805 1210 2869 ruinam,
1234 2815 1292 2860 et
1315 2805 1601 2872 excidium,
1623 2821 1688 2858 ac
1722 2803 2009 2858 interitum
2046 2801 2300 2858 universo
2336 2821 2508 2876 regno
2549 2803 2795 2870 afferant,
2831 2805 2936 2860 nisi
2972 2805 3084 2861 hec
3123 2803 3270 2859 mala

884 2873 1207 2949 tempestive
1232 2884 1569 2931 avertantur.
1646 2873 1867 2930 Idcirco
1891 2875 1947 2927 in
1991 2874 2172 2929 damni
2213 2873 2378 2945 hujus
2418 2873 2734 2938 remedium,
2759 2892 2794 2929 a
2815 2893 2965 2962 rege,
2989 2875 3267 2949 dignitati·

883 2945 983 3002 bus
1006 2947 1403 3011 ecclesiasticis,
1428 2955 1484 3004 et
1526 2946 1728 3010 Laicis,
1770 2946 1829 3000 in
1867 2945 2268 3018 parlamentum
2305 2946 2410 3000 hoc
2450 2946 2778 3009 convocatis,
2802 2955 2860 3002 et
2895 2949 3062 3022 rpsius
3085 2947 3265 3020 parla-

882 3188 1113 3262 accepit,
1153 3189 1288 3244 alios
1335 3187 1645 3244 carceribus
1686 3187 2034 3259 mancipavit,
2073 3194 2296 3242 caeteros
2337 3186 2496 3240 minis
2531 3195 2589 3242 et
2630 3189 2934 3244 terroribus
2975 3189 3263 3255 deterruit,

882 3268 941 3316 et
962 3260 1126 3332 siqui
1160 3259 1463 3314 remedium
1493 3258 1727 3329 justitie
1750 3258 2127 3331 expectabant,
2153 3258 2300 3312 omni
2339 3258 2582 3313 remedio
2617 3257 2871 3315 frustrati
2895 3269 3040 3316 sunt.
3116 3261 3264 3316 Tan·

882 3331 1008 3386 dem
1029 3349 1130 3384 rex
1152 3331 1481 3386 auctoritate
1505 3348 1605 3385 sua
1626 3329 1804 3384 erexit
1841 3333 1911 3384 88
1950 3329 2074 3383 loca
2096 3330 2254 3384 valde
2279 3327 2514 3384 obscura
2536 3338 2593 3384 et
2615 3331 2793 3386 minus
2817 3341 2949 3386 nota
2971 3333 3027 3386 in
3063 3351 3096 3385 o
3134 3334 3266 3404 pida

880 3419 1006 3458 cum
1029 3400 1169 3474 privi
1262 3400 1296 3415 ”“
1351 3409 1408 3455 et
1425 3400 1645 3484 juribus
1682 3399 2118 3472 municipalibus,
2143 3400 2271 3472 quia
2309 3401 2366 3454 in
2405 3400 2512 3454 illis
2535 3400 2856 3457 habitabant
2878 3420 3029 3458 novin
3051 3421 3087 3488 p
3109 3413 3262 3459 anta·

879 3474 1044 3528 tionis
1066 3473 1209 3528 haere
1257 3473 1327 3536 ci,
1351 3480 1407 3527 et
1422 3473 1592 3542 jussit
1613 3479 1679 3525 ut
1702 3489 1770 3526 ex
1794 3471 2020 3543 singulis
2039 3471 2173 3526 locis
2198 3471 2308 3526 duo
2333 3472 2656 3526 interessent
2672 3473 3034 3556 parlamento,
3060 3475 3260 3531 ibidem

878 3544 1121 3600 habituri
1162 3561 1349 3598 vocem
1391 3543 1805 3598 consultativam
1847 3551 1904 3596 et
1947 3541 2235 3596 decisivam
2275 3549 2341 3596 ut
2387 3543 2463 3598 sic
2487 3543 2775 3614 plurahtcr
2801 3562 2958 3599 voces
2985 3545 3262 3602 Catholici

878 3623 1305 3688 superarenturz
1347 3623 1614 3687 praeterea
1635 3632 1761 3668 cum
1784 3632 1852 3668 ex
1877 3614 2125 3667 omnibus
2171 3631 2309 3684 pene
2333 3613 2568 3686 antiquis
2592 3613 2920 3680 civitatibus,
2956 3616 3166 3701 oppidis
3204 3625 3263 3674 et

876 3687 1187 3758 municipiis
1220 3703 1287 3740 ac
1325 3694 1383 3740 et
1420 3685 1787 3749 comitatibus,
1835 3683 2108 3740 Catholici
2150 3685 2548 3756 parlamentum
2586 3683 2813 3740 fuerunt
2855 3688 3022 3752 missi,
3049 3705 3116 3742 ex
3151 3688 3260 3744 illis

874 3759 1085 3814 fuerint
1108 3761 1179 3812 26
1217 3757 1443 3830 repulsi,
1466 3765 1523 3812 et
1563 3758 1619 3811 in
1660 3757 1882 3810 illorum
1919 3756 2100 3810 locum
2137 3756 2366 3810 totidem
2401 3755 2642 3810 haeretici
2675 3757 2908 3822 suffecti,
2933 3759 3080 3830 quod
3113 3761 3260 3816 idem

876 3838 935 3887 et
957 3830 1205 3902 pluribus
1226 3829 1385 3882 fieret
1406 3829 1509 3882 nisi
1545 3827 1677 3883 satis
1714 3845 1831 3882 esse
1861 3826 2178 3897 judicarent
2217 3834 2432 3881 tantum
2475 3827 2736 3882 excedere
2776 3847 3005 3885 numero
3041 3849 3254 3886 vocum.

880 3904 1017 3968 Qua
1040 3901 1224 3955 omnia
1246 3897 1442 3954 contr‘a
1463 3899 1609 3971 leges
1634 3907 1691 3954 et
1714 3899 1968 3952 instituta
1989 3898 2450 3969 parlamentorum
2469 3897 2616 3952 facta
2637 3906 2784 3963 sunt,
2807 3908 2864 3954 et
2885 3900 3095 3956 frustra
3132 3920 3259 3958 con·

876 3970 1228 4048 querentibus
1253 3971 1571 4034 Catholicis,
1613 3971 1826 4024 nullum
1863 3969 2023 4040 plane
2047 3969 2347 4023 remedium
2371 3969 2674 4022 adhibitum
2697 3978 2798 4024 est.
2875 3971 2981 4026 His
3015 3973 3097 4028 ita
3130 3991 3258 4028 cou-

874 4044 1103 4107 stitutis,
1126 4059 1225 4096 rex
1250 4041 1426 4096 voluit
1461 4043 1860 4113 parlamentum
1901 4039 2227 4103 continuari,
2270 4039 2545 4112 pollicitus
2581 4040 2637 4093 in
2662 4057 2728 4096 eo
2751 4041 2886 4096 nihil
2909 4044 3257 4100 tractandum

874 4137 990 4175 esse
1015 4114 1083 4169 de
1104 4112 1269 4168 rebus
1290 4113 1687 4184 pertinentibus
1710 4113 1781 4166 ad
1805 4111 2229 4166 ecclesiasticum
2253 4109 2498 4184 regimen
2537 4119 2634 4164 aut
2659 4121 2854 4168 contra
2875 4131 3132 4185 personas
3168 4134 3256 4172 ec·

874 4185 1201 4246 clesiasticas
1216 4201 1579 4256 quascunque.
1655 4183 1723 4238 In
1740 4183 2081 4254 parlamento
2107 4189 2290 4236 autem
2313 4180 2392 4236 sic
2417 4183 2732 4238 continuato
2755 4183 2834 4238 nil
2857 4185 3017 4256 plane
3039 4195 3255 4258 gestum

874 4271 959 4316 est
980 4258 1085 4316 nisi
1214 4272 1400 4310 escere
1423 4273 1630 4340 regem,
1655 4255 1842 4327 illique
1867 4253 2167 4308 subsidium
2199 4248 2440 4325 pecuniae
2466 4253 2615 4317 dare,
2641 4262 2697 4308 et
2721 4255 2868 4340 leges
2891 4264 3085 4312 contra
3105 4258 3254 4329 prin-

873 4335 1019 4406 cipes
1063 4273 1359 4390 Hffimos,
1399 4325 1759 4380 renitentibus
1802 4325 2076 4396 plerisque
2120 4322 2417 4378 Catholicis
2459 4325 2552 4396 qui
2601 4325 2983 4382 hereticorum
3031 4329 3254 4384 vocibus

872 4399 1289 4476 superabantur,
1331 4397 1599 4461 absentes,
1646 4405 1701 4452 et
1744 4414 1908 4450 causa
1953 4395 2178 4464 indicta,
2220 4413 2339 4467 quse
2379 4413 2492 4448 non
2532 4395 2640 4450 alia
2674 4397 3065 4463 adducebatur,
3089 4419 3256 4472 quam

874 4475 1020 4562 quod
1042 4469 1417 4542 superioribus
1459 4467 1793 4540 temporibus
1834 4466 2036 4522 bellum
2074 4475 2268 4520 contra
2288 4465 2534 4538 reginam
2559 4466 2772 4540 Angliae
2794 4486 2895 4539 pro
2921 4467 3045 4524 fidei
3069 4471 3253 4526 defen-

872 4563 1020 4602 sione
1068 4542 1333 4596 fecerant.
1408 4539 1631 4595 Bellum
1676 4549 1860 4593 autem
1907 4538 2056 4592 istud
2104 4539 2278 4609 (quod
2325 4537 2494 4610 Angli
2542 4539 2812 4593 vocabant
2871 4539 3251 4614 rebellionem)

870 4621 952 4672 ita
971 4621 1187 4701 gestum
1208 4620 1311 4676 est,
1336 4615 1400 4665 ut
1422 4611 1497 4666 D.
1523 4610 1693 4682 Hugo
1722 4609 1939 4665 O'Neill
1965 4627 2143 4664 comes
2171 4609 2405 4681 Tyronae
2428 4625 2526 4692 per
2551 4609 2790 4680 diploma
2811 4611 3104 4667 felicisimoe
3139 4632 3252 4670 me-

870 4705 1057 4743 moria!
1101 4682 1396 4738 Clementis
1419 4687 1455 4736 8
1494 4683 1822 4737 constitutus
1863 4679 2032 4734 fuerit
2075 4680 2186 4734 dux
2227 4688 2284 4734 et
2326 4687 2635 4764 capitaneus
2658 4681 2946 4752 generalis,
2971 4681 3157 4755 illique
3195 4694 3254 4742 et

872 4757 1121 4815 omnibus
1141 4753 1245 4826 ipsi
1268 4753 1640 4810 assistentibus
1664 4751 2013 4824 indulgentiae
2039 4759 2094 4806 et
2121 4751 2314 4824 gratiss
2337 4751 2643 4822 spirituales
2667 4769 2936 4810 concessa
2959 4751 3186 4811 fuerint.
