3634 5842
821 1540 1164 1639 DOMINI
1217 1542 1647 1637 PHILIPPI
1713 1540 2329 1639 O'SULLEVANI
2412 1534 2777 1633 BEARRI
2844 1536 3199 1657 IBERM,

1188 1768 1594 1822 COMPBNDII
1627 1770 1993 1849 HISTORIA:
2024 1769 2465 1823 CATHOLICAE
2496 1768 2831 1821 mERNLAE.

1633 1950 1926 2017 TOMUS
1989 1952 2368 2019 TERTIUS.

821 2150 1266 2215 Mmaomnm
1302 2146 1528 2214 bellum
1575 2170 1706 2213 sum
1761 2148 2091 2235 scripturus
2133 2173 2172 2215 a
2198 2148 2406 2216 multis
2435 2148 2669 2217 Ibernis
2698 2172 2837 2215 cum
2864 2149 3215 2215 Elizabetha

821 2236 1058 2321 Angliae
1113 2236 1322 2321 regina
1377 2257 1486 2321 pro
1542 2233 1867 2301 cholicae
1924 2236 2227 2322 religionis
2284 2236 2557 2303 libertate
2612 2261 2649 2304 a
2705 2237 2995 2323 principio
3046 2239 3212 2303 Anni

821 2322 1391 2389 MDLXXXVIII.
1422 2320 1498 2387 ad
1527 2321 1843 2387 MDClII.
1874 2345 1982 2408 per
2030 2345 2218 2389 annos
2259 2322 2380 2389 fere
2409 2324 2761 2409 quindeeem
2789 2332 3045 2413 gestum,
3091 2347 3212 2409 quo

818 2433 945 2476 non
974 2410 1153 2475 modo
1211 2408 1454 2475 Ibernio.
1511 2414 1642 2474 tota
1697 2409 1813 2474 fuit
1872 2410 2113 2497 penitus
2172 2410 2476 2476 devastata
2526 2418 2587 2477 et
2633 2412 2846 2492 excisa,
2878 2411 2982 2476 sed
3034 2411 3211 2476 etiam

820 2496 1094 2583 Anglicoe
1122 2494 1452 2562 nobilitatis
1479 2496 1590 2561 flos
1621 2493 1872 2576 deletus,
1902 2496 2254 2597 magnisque
2281 2496 2525 2579 viribus,
2556 2498 2661 2564 sed
2712 2498 2864 2565 odiis
2892 2498 3214 2584 majoribus

823 2584 1188 2662 dimicatum,
1250 2584 1416 2669 atqui
1473 2582 1692 2668 saepius
1738 2584 1883 2648 victi
1934 2606 2039 2669 qm
2095 2585 2407 2651 vicerunt:
2472 2605 2607 2672 quae
2664 2607 2758 2651 res
2815 2586 2989 2651 variis
3048 2584 3215 2651 libris

823 2672 1158 2758 digerendoe
1187 2677 1350 2736 sunt.

1733 2906 2139 2914 ——-—--
2173 2909 2489 2917 -———-——-

1597 3096 1816 3162 ΤΟΜΙ
1885 3098 2011 3163 III.
2076 3098 2337 3165 LIBER
2379 3100 2433 3166 I.

1553 3280 1640 3335 De
1667 3280 1827 3335 Bello
1849 3280 2167 3352 quindecem
2192 3300 2477 3337 annorum.

824 3457 1058 3522 Purus
1104 3452 1296 3517 utrius
1341 3472 1413 3514 ue
1465 3446 1784 3513 dimicandi
1835 3448 2145 3513 facultates
2204 3457 2264 3513 et
2323 3459 2658 3537 apparatuS,
2719 3456 3021 3543 totiusque
3072 3458 3215 3525 belli

825 3564 1112 3609 summam
1141 3540 1256 3605 hoo
1285 3538 1327 3603 li
1370 3560 1437 3602 ro
1467 3533 1812 3601 describam.

1880 3979 2059 4046 CAP.
2106 3979 2163 4047 Ι.

1337 4168 1448 4231 Qui
1472 4186 1507 4221 a
1529 4168 1758 4242 Reginae
1782 4170 2035 4241 partibus
2058 4173 2331 4239 steterint,
2358 4178 2697 4239 referuntur.

823 4335 1102 4399 Vnmms
1133 4330 1385 4398 maxime
1414 4330 1746 4418 disparibus
1775 4340 1868 4399 est
1910 4332 2341 4421 belligeratum.
2430 4343 2734 4434 Principio
2761 4373 2873 4437 pro
2902 4358 3108 4443 regina
3150 4368 3216 4428 et

824 4421 952 4506 ejus
1003 4419 1384 4505 dogmatibus
1433 4420 1832 4506 propagandis
1880 4422 2067 4486 totius
2112 4425 2369 4511 Angliae,
2422 4430 2681 4500 hoeretici
2730 4441 2899 4527 reg-ni
2944 4450 3217 4530 potentia

823 4507 1036 4573 stabat.
1124 4506 1276 4571 Eam
1305 4508 1483 4572 etiam
1509 4507 1654 4572 totis
1685 4506 1909 4573 viribus
1938 4508 2273 4595 adjuvabat,
2304 4514 2403 4580 illa
2432 4538 2567 4602 pars
2596 4520 2871 4605 Iberniae,
2904 4549 3038 4615 quae
3069 4534 3217 4602 diei-

822 4592 1266 4678 turFinegalda,
1296 4593 1390 4659 vel
1438 4593 1694 4680 Angliea
1744 4596 2067 4679 provincia,
2098 4600 2269 4683 eujus
2318 4602 2581 4690 plerique
2610 4608 2821 4677 incolae
2850 4637 2971 4681 non
3016 4620 3214 4687 solum

824 4701 895 4743 ex
927 4680 1150 4764 Angli&
1177 4681 1426 4745 trahunt
1458 4681 1765 4767 originem,
1787 4681 1892 4747 sed
1922 4682 2098 4748 etiam
2129 4686 2461 4772 Anglorum
2494 4714 2825 4765 sermonem
2853 4704 2961 4767 etsi
2993 4712 3217 4794 magna

821 4772 988 4852 parte
1016 4765 1226 4831 rudem
1256 4774 1316 4831 et
1347 4774 1621 4846 veterem,
1653 4767 1812 4853 leges
1843 4776 1904 4833 et
1948 4770 2221 4838 instituta
2252 4785 2577 4860 servarunt,
2624 4792 3017 4874 praeterquam
3049 4797 3213 4879 quod
