3634 5842
884 741 1011 806 318
1314 737 1730 810 o’SULLEVAM
1770 761 2088 810 111stAE
2133 760 2519 823 cunonem,
2548 755 2698 809 rou.
2741 755 2829 808 Ν.
2989 736 3145 828 [ms.
3175 759 3253 808 11.

884 911 1230 966 mediocriter
1254 925 1563 986 cognoscat,
1588 917 1717 988 quin
1738 935 1874 989 gens
1913 917 2026 972 haec
2069 919 2340 973 constanti
2373 918 2639 1002 firmoque
2661 916 2840 971 animo
2863 925 3075 988 semper
3099 933 3256 969 vene·

885 991 1009 1038 rata
1052 983 1238 1048 fuerit,
1288 993 1344 1038 et
1390 988 1750 1042 exterioribus
1808 989 2146 1044 documentis
2191 1007 2353 1061 qnam
2400 988 2750 1060 apertissimis
2787 987 3041 1072 professa
3085 986 3254 1040 solam

882 1053 1032 1108 illam
1078 1053 1413 1126 religionem,
1462 1076 1642 1129 quam,
1692 1059 1861 1130 pulsis
1909 1061 2178 1130 quondam
2224 1060 2547 1133 gentilitatis
2594 1059 2850 1125 tenebris,
2894 1059 2952 1112 in
2997 1057 3254 1130 primoevo

886 1124 1209 1180 Christianae
1244 1127 1381 1180 lucis
1428 1130 1651 1184 exordio
1698 1130 1924 1201 recepit.
2018 1131 2127 1195 Ita,
2176 1132 2418 1202 quamvis
2458 1127 2725 1184 varietate
2771 1138 3096 1201 temporum,
3144 1127 3256 1183 for-

883 1203 1131 1267 tunaeque
1179 1196 1546 1254 vicissitudine
1594 1201 1946 1272 tempestuosi
1991 1201 2279 1273 infestique
2325 1201 2523 1256 fluctus
2581 1207 2639 1254 et
2695 1200 2996 1255 invasiones
3041 1206 3258 1254 extera·-

882 1281 1009 1319 rum
1065 1267 1329 1352 gentium,
1389 1278 1454 1323 ut
1512 1271 1817 1336 Danorum,
1879 1272 2302 1345 Norvegiorum,
2362 1272 2848 1338 Normandiorum,
2899 1279 2954 1325 et
3005 1267 3258 1333 aliorum,

884 1337 1023 1390 hanc
1064 1339 1294 1392 insulam
1336 1340 1756 1408 devastaverint,
1794 1361 2017 1414 remque
2097 1344 2331 1398 ublicam
2369 1351 2613 1397 nostram
2647 1341 3111 1410 labefactaverint,
3147 1359 3258 1395 non

884 1416 1066 1461 tamen
1090 1408 1253 1479 hujus
1277 1428 1443 1465 sacrae
1464 1413 1743 1484 religionis
1767 1423 1967 1469 nostras
1991 1433 2064 1470 cae
2087 1423 2255 1469 estem
2279 1415 2620 1486 splendorem
2632 1413 2969 1486 extinguere,
2993 1411 3260 1467 divinum·

885 1495 990 1549 que
1013 1477 1243 1535 imbrem
1264 1483 1537 1537 exsiccare
1563 1485 1869 1539 valuerunt.
1926 1485 2036 1540 Est
2060 1487 2282 1558 (quippe
2306 1485 2453 1557 quod
2467 1501 2564 1539 nos
2579 1481 2810 1539 firmiter
2827 1483 3123 1553 credimus)
3143 1483 3258 1537 hec

884 1550 1078 1622 religio
1104 1549 1290 1605 Patris
1329 1555 1518 1608 aeterni
1558 1555 1805 1626 imperio,
1833 1555 2177 1629 spiritusque
2213 1557 2388 1612 sancti
2427 1549 2650 1610 consilio
2698 1556 3012 1618 constituta,
3035 1553 3260 1608 nostris-

886 1637 990 1690 que
1012 1622 1323 1692 pectoribus
1346 1625 1527 1689 insits,
1550 1645 1763 1682 summa
1786 1627 1994 1682 Christi
2017 1628 2309 1683 servatoris
2332 1621 2690 1700 providentia.
2769 1625 3137 1689 Quamobrem
3160 1642 3262 1678 nec

882 1693 1321 1762 persuasionibus
1360 1695 1506 1764 ullis,
1549 1716 1647 1752 nec
1688 1699 1743 1752 vi
1783 1716 2022 1769 unquam
2063 1699 2337 1770 potuimus
2380 1693 2592 1760 deduci,
2632 1706 2696 1751 ut
2733 1698 2803 1750 ab
2827 1697 2943 1751 -ina
2981 1695 3068 1750 vel
3089 1690 3264 1750 latum

886 1780 1127 1834 unguem
1170 1765 1585 1823 discederemus.
1659 1767 1744 1822 Ut
1777 1777 1962 1825 autem
1998 1770 2414 1825 vetustissimam
2455 1769 2595 1823 hanc
2637 1768 2910 1838 majorum
2946 1773 3263 1822 nostrorum

888 1835 1331 1892 consuetudinem
1354 1848 1759 1910 praetereamus,
1784 1841 1856 1895 ad
1877 1858 2099 1912 remque
2159 1842 2376 1912 roprius
2399 1837 2743 1895 accedamus:
2782 1839 2992 1893 etiamsi
3015 1837 3086 1892 ob
3111 1831 3264 1891 Hen-

886 1905 989 1958 rici
1013 1908 1191 1962 octavi
1215 1908 1361 1992 regis
1384 1910 1625 1965 haeretici
1652 1911 1948 1965 divortium
1973 1859 2158 1983 (quotl²
2187 1912 2355 1976 nulla,
2380 1911 2466 1966 vel
2490 1911 2750 1982 temporis
2775 1910 3153 1972 diuturnitate,
3177 1908 3264 1963 vel

888 1975 1166 2031 hominum
1191 1979 1459 2035 oblivione
1484 1981 1764 2036 obliterari
1798 1985 2013 2054 potost)
2050 1983 2238 2054 ingens
2279 1982 2594 2054 opinionum
2619 1981 2877 2036 dissensio
2901 1981 3050 2035 circa
3069 1993 3266 2052 graves

886 2047 1013 2100 fidei
1091 2051 1358 2105 uestiones
1396 2059 1521 2106 orta
1559 2052 1745 2116 fuerit,
1786 2054 2133 2108 nihilominus
2169 2061 2302 2107 tunc
2343 2053 2400 2106 in
2441 2056 2596 2106 tanta
2636 2070 2904 2106 novorum
2947 2051 3264 2123 dogmatum

886 2067 1315 2202 perturbatione,
1390 2131 1557 2176 nanta
1590 2124 1982 2178 sententiarum
2019 2124 2378 2248 repugnantia
2415 2121 2627 2178 novitas
2669 2131 2834 2194 caput
2869 2124 3028 2194 eoepit
3051 2118 3263 2190 tollere,

888 2197 1247 2244 monumentis
1306 2211 1367 2246 ar
1390 2193 1591 2246 amenti
1614 2202 1745 2247 tunc
1770 2193 2031 2266 temporis
2109 2195 2244 2248 abiti
2266 2194 2322 2248 in
2347 2195 2448 2248 hac
2471 2194 2608 2249 urbe
2645 2194 3040 2263 (Dubliniensi)
3065 2207 3266 2246 memo-

886 2266 1062 2312 ratur.
1118 2261 1245 2323 Quo
1308 2281 1631 2334 quamquam
1652 2265 1898 2320 nonnihil
1920 2265 2108 2320 auxilii
2131 2264 2523 2336 patrociniique
2537 2265 2692 2321 nobis
2706 2267 2901 2320 afferat
2917 2266 2988 2319 ad
3011 2264 3268 2318 tuendam

886 2330 1165 2412 praesentis
1204 2343 1404 2389 nostrae
1446 2335 1857 2390 asseverationis
1893 2337 2223 2407 aequitatem,
2265 2354 2330 2392 eo
2379 2351 2589 2408 queque
2629 2336 3098 2408 supersedebimus
3121 2334 3268 2406 quod

886 2417 1065 2454 minus
1088 2402 1159 2455 ad
1180 2420 1299 2457 rem
1322 2406 1595 2476 pertinere
1618 2407 1885 2461 videatur.

958 2471 1087 2526 Non
1127 2482 1310 2529 tamen
1347 2477 1452 2532 hoc
1486 2478 1595 2532 loci
1622 2478 1953 2532 involvamus
1977 2478 2191 2533 silentio
2225 2473 2650 2534 machinationes
2673 2479 2959 2534 nonnullas
2985 2476 3124 2532 mira
3147 2475 3266 2530 dili-

928 2544 1075 2597 entia
1094 2551 1353 2613 tentatas,
1376 2567 1477 2602 nec
1500 2550 1697 2604 minori
1720 2549 1992 2604 industria
2015 2549 2109 2603 diu
2133 2550 2493 2612 continuatas,
2518 2567 2636 2621 quae
2659 2567 2758 2604 nos
2782 2568 2817 2604 a
2839 2549 3070 2620 pristina
3089 2556 3268 2602 mente

868 2677 875 2684 κ
930 2615 1181 2671 'versuroe
1206 2620 1601 2675 credebantur:
1641 2621 1906 2692 imprimis
1929 2621 2014 2675 vel
2051 2628 2303 2692 aspectus
2327 2619 2747 2684 constitutionis,
2771 2621 2840 2675 ab
2863 2620 3060 2676 ultima
3080 2617 3270 2691 regina

892 2685 1270 2760 (Elisabetha)
1310 2691 1454 2755 latae,
1491 2691 1755 2746 sufficiens
1803 2692 2108 2755 videbatur,
2157 2699 2222 2745 ut
2267 2691 2550 2763 plerosque
2597 2700 2845 2746 nostrum
2891 2689 3269 2762 inquisitionis,

893 2757 1133 2819 mulctae,
1174 2763 1513 2833 carcerisque
1543 2764 1775 2817 horrore
1798 2770 2151 2834 perterreret,
2175 2773 2338 2835 atque
2362 2770 2754 2818 consternaret.
2830 2764 2910 2817 At
2933 2762 3084 2816 nullo
3107 2761 3268 2815 modo

894 2829 1076 2900 potuit
1089 2829 1295 2886 animos
1312 2841 1545 2899 nostros,
1560 2835 2012 2905 quemadmodum
2029 2834 2647 2905 sperabatur,apristino
2661 2851 2822 2888 sensu
2839 2834 3160 2888 subducere.
3184 2832 3270 2885 Ac

890 2901 974 2954 ita
1032 2918 1114 2956 uae
1136 2904 1373 2957 secundo
1398 2903 1640 2975 ejusdem
1662 2907 1864 2978 reginae
1887 2905 2043 2978 regni
2067 2923 2206 2959 anno
2233 2907 2426 2976 (1559)
2451 2905 2633 2959 edicta
2651 2905 2992 2976 prodierunt·
3009 2898 3081 2957 ad
3119 2903 3269 2956 incu-

894 2917 1139 3026 tienfflum
1161 2977 1537 3030 recusantibus
1575 2984 1799 3040 metum,
1839 2976 2145 3031 executioni
2176 2976 2396 3031 minime
2419 2975 2676 3031 mandata
2697 2976 2754 3030 in
2779 2975 3102 3030 oblivionem
3127 2974 3270 3028 abie-

894 3051 1045 3096 runt.
1119 3043 1369 3117 Denique
1416 3047 1511 3101 ubi
1559 3047 1842 3101 dulcedine
1879 3055 2083 3118 pacatoe
2131 3047 2444 3110 clementie,
2493 3055 2550 3103 et
2596 3047 2946 3102 humanitatis
3029 3044 3270 3100 roesentis

698 3123 878 3191 [Μὰ]
896 3113 1070 3167 nostri
1108 3115 1255 3188 regis
1293 3116 1404 3170 frui
1428 3118 1817 3189 sperabunus‚n
1846 3118 2278 3189 quandoquidem
2310 3119 2466 3172 illum
2505 3117 2828 3173 Christianis
2853 3117 2998 3172 omni
3035 3129 3100 3169 us
3123 3116 3272 3187 prin-

900 3184 1109 3254 cipibus
1132 3187 1477 3243 conciliatum
1503 3189 1797 3252 videamus,
1823 3197 1986 3259 atque
2025 3189 2290 3251 letemur,
2315 3205 2440 3242 cum
2464 3198 2653 3244 nostra
2673 3197 2856 3243 tamen
2877 3187 3139 3272 religione
3162 3203 3271 3240 non

900 3253 1072 3308 faedus
1085 3255 1176 3323 ici,
1194 3258 1291 3312 sed
1304 3256 1505 3313 bellum
1519 3260 1637 3331 geri
1655 3277 1688 3312 a
1699 3260 2128 3331 protestantibus
2146 3261 2522 3315 ecclesiasticis
2540 3261 2803 3315 dolemus.
2833 3259 2913 3312 Hi
2931 3267 3093 3321 emm,
3109 3265 3164 3312 et
3181 3257 3274 3311 alii

899 3324 1047 3379 haud
1066 3325 1235 3383 infimi
1260 3330 1524 3400 praefecti,
1537 3329 1874 3401 justitiaeque
1897 3331 2150 3398 ministri,
2174 3338 2398 3394 statuta,
2430 3331 2754 3400 jamdudum
2789 3330 3058 3385 oblivione
3081 3329 3276 3400 sopita,

900 3396 1216 3466 excitantes,
1240 3401 1483 3456 subditos
1507 3401 1660 3456 novis
1682 3402 1979 3472 imperatis,
2001 3401 2240 3465 mulctis,
2282 3403 2719 3466 coercitionibus,
2743 3402 3060 3472 magnisque
3081 3418 3274 3473 grava-

898 3467 1132 3524 minibus
1170 3471 1564 3527 incredibiliter
1604 3480 1822 3536 vexant,
1856 3472 2220 3546 rediguntque
2261 3473 2333 3527 ad
2367 3473 2656 3546 ingentem‘
2663 3479 3058 3544 paupertatem,
3083 3470 3276 3542 quibus

901 3547 1085 3595 tamen
1110 3542 1358 3598 omnibus
1383 3563 1417 3598 a
1437 3544 1701 3616 religione
1724 3551 1916 3598 nostra
1935 3562 2046 3598 non
2070 3544 2449 3617 disjungimur.
2527 3545 2802 3608 Quocirca
2823 3543 2950 3598 novi
2975 3542 3275 3597 afflictatio-

904 3628 1035 3665 num
1050 3614 1254 3668 cumuli
1268 3621 1464 3670 contra
1478 3632 1596 3681 nos,
1612 3615 1814 3670 liberos
1828 3622 2066 3683 nostros,
2082 3615 2270 3680 vitam,
2287 3615 2618 3679 libertatem,
2641 3611 3094 3669 existimationem
3115 3621 3277 3685 atque

902 3682 1154 3740 fortunas
1176 3695 1511 3741 accrescunt.
1586 3685 1743 3742 Filiis
1764 3687 1966 3741 nostris
2006 3686 2201 3741 studiis
2249 3693 2306 3740 et
2353 3687 2646 3741 eruditioni
2670 3693 3020 3740 externorum
3054 3703 3275 3756 gymna-

902 3753 1110 3810 siorum
1133 3757 1499 3813 interdicitur.
1572 3757 1829 3813 Nationis
1851 3766 2050 3813 nostrae
2073 3757 2345 3822 nobilitas,
2367 3765 2424 3811 et
2447 3757 2738 3821 claritudo,
2769 3754 3167 3811 existimatione
3188 3755 3277 3809 fe-

905 3824 1051 3894 data‚
1078 3829 1324 3884 omnibus
1347 3829 1658 3901 reipublicae
1697 3829 1862 3900 hujus
1900 3828 2194 3884 honoribus
2235 3827 2539 3892 abdicatur,
2565 3829 2711 3900 quod
2735 3847 2800 3882 us
2835 3841 2906 3881 ue
2928 3828 3064 3882 adeo
3090 3843 3276 3881 verum

902 3896 1130 3964 obtinet,
1140 3907 1205 3953 ut
1218 3918 1287 3954 ne
1302 3901 1520 3972 quidem
1526 3901 1803 3972 judicibus
1855 3901 1964 3954 acis
1979 3901 2135 3955 nobis
2149 3900 2312 3954 liceat
2325 3917 2458 3964 esse,
2477 3917 2587 3954 non
2602 3900 2762 3955 aliam
2782 3846 2852 3955 οἳ)
2869 3912 3106 3962 cauum,
3116 3913 3276 3968 quam

899 3977 1127 4039 propter
1148 3971 1312 4026 fidem
1330 3980 1592 4040 nostram,
1617 3989 1781 4043 quam
1800 3919 2047 4026 ‹feserere
2061 3989 2170 4026 non
2187 3989 2490 4044 possumus.
2548 3971 2868 4033 civitatum,
2883 3978 2940 4024 et
2957 3969 3276 4041 oppidorum

899 4039 1241 4163 ffiaefecturse
1264 4042 1470 4098 civibus
1492 4045 1827 4106 adimuntur,
1853 4044 1998 4128 quod
2015 4042 2168 4096 novis
2193 4043 2536 4126 dogmatibus
2559 4042 2809 4097 assentiri
2833 4041 3028 4096 nolint.
3092 4039 3278 4094 Gausi-

942 4109 1009 4164 ‘ci
1026 4111 1279 4184 jurisque
1299 4115 1463 4186 periti
1488 4131 1711 4168 munere
1730 4113 2082 4184 dejiciuntur,
2141 4113 2253 4166 uod
2273 4113 2340 4166 iis
2362 4121 2596 4167 renuant
2629 4113 2884 4167 assidere.
2959 4111 3144 4165 Etiam
3167 4109 3277 4180 opi-

900 4183 1046 4247 fices,
1070 4192 1127 4237 et
1150 4184 1294 4238 fabri
1318 4204 1349 4240 e
1424 4187 1529 4240 erti
1552 4193 1681 4238 sunt
1704 4184 1980 4239 crudelem
2003 4183 2094 4237 vin
2153 4191 2316 4247 ctam,
2332 4183 2962 4248 excommunicationem,
2978 4197 3202 4253 panam,
3221 4189 3279 4234 et

900 4253 1008 4308 alia
1028 4263 1285 4311 sexcenta
1305 4274 1360 4311 m
1416 4275 1465 4312 a.
1502 4257 1774 4312 Ceterum
1792 4254 1910 4310 haec
1929 4255 2112 4310 omnia
2127 4255 2346 4308 minime
2363 4272 2461 4309 nos
2479 4256 2866 4309 deterruerunt
2889 4272 2924 4307 a
2944 4254 3051 4308 fide
3075 4260 3280 4314 nostra,

902 4342 1081 4395 quam,
1107 4326 1229 4382 Deo
1255 4329 1412 4392 duce,
1435 4344 1647 4399 semper
1669 4345 1704 4380 a
1724 4326 1880 4380 nobis
1905 4325 2184 4380 colendam
2229 4327 2570 4387 devovemus,
2598 4325 2896 4398 praestituri
2919 4333 3101 4378 tamen
3125 4339 3282 4377 omne

901 4397 1218 4468 obsequium
1236 4417 1513 4470 ·supremo
1554 4407 1743 4452 nostro
1796 4396 1918 4480 regi
1962 4396 2003 4450 J
2003 4396 2173 4451 acobo
2213 4396 2472 4462 debitum,
2494 4397 2608 4460 sine
2648 4388 2975 4461 adulatione,
3012 4395 3160 4462 fuco,
3197 4393 3282 4447 in-

902 4469 1069 4533 sidiis,
1094 4477 1193 4524 aut
1215 4470 1611 4542 conspiratione
1636 4475 1831 4528 contra
1851 4484 1968 4537 eJus
1991 4485 2248 4522 coronam
2273 4475 2329 4522 et
2351 4475 2644 4539 sceptrum.

977 4553 1171 4625 Itaque
1196 4556 1443 4610 omnibus
1466 4555 1551 4608 his
1588 4569 1868 4624 paenarum
1909 4551 2127 4636 inopine,
2153 4553 2454 4624 opprobrii,
2477 4549 2730 4618 carceris,
2753 4550 3007 4606 interitus
3032 4549 3288 4604 cruciati-

904 4622 1006 4677 bus
1044 4643 1382 4700 nequaquam
1420 4627 1477 4680 in
1516 4625 1680 4680 rebus
1720 4624 2065 4678 conscientiae
2101 4624 2572 4686 inconstantiores,
2597 4623 2695 4678 aut
2730 4622 3054 4677 infirmiores
3077 4639 3282 4694 sumus.

906 4693 1119 4749 Verum
1178 4715 1323 4769 opes,
1370 4696 1766 4768 facultatesque
1824 4702 2025 4748 nostrae
2066 4695 2292 4748 nimium
2326 4695 2607 4750 diminuta!
2656 4701 2798 4748 sunt.
2870 4693 3110 4763 Propter
3161 4711 3287 4746 con·

898 4763 967 4835 ju
1004 4772 1124 4819 atos
1162 4767 1313 4831 istos,
1354 4777 1519 4839 atque
1561 4766 1886 4838 proletarios
1929 4765 2174 4832 clericos,
2195 4765 2503 4837 proefectos,
2527 4773 2585 4818 et
2607 4765 2884 4818 ministros
2907 4763 3097 4836 ingens
3121 4763 3178 4816 in
3202 4779 3288 4816 re-

903 4853 980 4908 pu
1015 4836 1122 4890 lica
1144 4846 1268 4893 orta
1290 4846 1372 4894 est
1387 4838 1727 4910 perturbatio
1748 4859 1765 4906 ς
1794 4836 1946 4891 varia
1958 4835 2302 4892 incommoda
2319 4837 2375 4891 in
2394 4853 2580 4891 rerum
2598 4833 2924 4890 commercio
2942 4843 3249 4906 sequuntur
3266 4853 3285 4900 ς
