3634 5842
382 766 518 810 car.
551 744 672 828 m]
1023 767 1109 813 ns
1151 769 1351 813 annm
1397 770 1774 819 QUINDECEM
1817 772 2151 819 mmmm.
2628 762 2748 823 145

371 920 574 1005 opinio
605 917 1037 986 condemnatur
1065 944 1224 987 anno
1277 924 1468 1001 1603,
1500 928 1817 1009 postquam
1856 922 2079 990 bellum
2108 932 2200 991 est
2228 926 2379 1013 pene
2408 930 2764 1012 confectum,

371 1016 442 1070 ut
470 1028 580 1070 suo
627 1006 760 1073 loco
803 1005 997 1071 fusius
1049 1008 1604 1074 demonstrabimus.
1695 1010 1756 1081 Q
1798 1011 1877 1075 od
1928 1013 1979 1077 si
2029 1012 2261 1099 integro
2290 1013 2447 1080 bello
2477 1038 2545 1081 ea
2586 1018 2767 1083 factio

369 1093 807 1178 gymnasiorum
854 1094 1145 1179 judicium
1197 1097 1534 1182 accepisset,
1584 1119 1706 1161 non
1801 1097 1989 1179 ubito,
2036 1102 2185 1185 quin
2242 1124 2421 1181 arma,
2482 1125 2615 1188 quae
2658 1127 2767 1189 pro

369 1180 656 1245 haereticis
687 1181 960 1266 sumpsit,
991 1183 1055 1247 in
1086 1182 1324 1248 eosdem
1353 1183 1650 1269 gessisset.

1391 1630 1572 1695 CAP.
1619 1630 1738 1695 IV.

723 1800 852 1855 Non
877 1802 1060 1865 armis,
1086 1801 1181 1855 sed
1204 1800 1416 1854 artibus
1441 1801 1605 1855 variis
1631 1800 1862 1857 Ibernos
1888 1800 2053 1855 fuisse
2078 1812 2379 1874 superatos.

371 1966 686 2033 Innnmca
713 1972 930 2047 autem,
962 1974 1023 2033 et
1051 1966 1356 2033 Catholica
1383 1965 1561 2032 factio
1613 1987 1736 2031 non
1785 1964 1973 2029 hostis
2004 1965 2242 2047 virtute,
2271 1989 2399 2033 non
2454 1968 2757 2037 haeretico-

371 2076 506 2119 rum
535 2055 732 2133 armis,
765 2055 868 2119 sed
898 2056 1060 2119 vario
1109 2053 1248 2118 dolo
1279 2059 1340 2117 et
1370 2058 1788 2139 stragemmate
1815 2052 1935 2116 fuit
1961 2052 2141 2117 victa.
2228 2054 2393 2120 mad
2422 2058 2759 2143 Anglorum

370 2141 486 2206 suit
513 2164 638 2206 non
665 2141 946 2206 ultimum
977 2146 1415 2227 stratagema,
1447 2138 1610 2224 quod
1637 2138 1744 2203 ubi
1793 2137 2021 2203 bellum
2079 2140 2341 2226 incaepit,
2372 2142 2531 2208 illico
2562 2167 2759 2230 perse-

367 2228 692 2307 cutionem,
722 2235 902 2314 atque
931 2228 1304 2313 tyrannidem
1321 2226 1688 2291 dimittentes
1703 2248 1815 2291 nec
1838 2226 2171 2291 sacerdotes
2202 2227 2454 2295 Ibernos
2484 2232 2543 2295 A
2626 2232 2757 2298 licae

367 2314 660 2393 factioniS‚
689 2337 800 2379 nec
829 2314 1134 2380 saectssares
1163 2314 1416 2379 Ibernos
1457 2336 1582 2379 suae
1611 2312 1854 2377 ditionis
1874 2311 2260 2393 lacessebant,
2292 2316 2387 2381 vel
2428 2317 2593 2383 irrita
2632 2327 2757 2399 ant,

367 2402 602 2465 tametsi
652 2400 960 2487 publicum
1007 2422 1184 2466 usum
1237 2399 1561 2466 Catholicoe
1607 2396 1917 2486 religionis
1962 2422 2271 2487 nunquam
2300 2402 2583 2470 tulerint:
2638 2410 2759 2492 qua

365 2487 742 2573 indulgentia
797 2487 1092 2573 principes
1151 2486 1410 2555 Ibernos
1458 2486 1732 2553 factionis
1783 2484 2081 2573 Anglicae,
2126 2489 2459 2554 sacerdotes
2505 2492 2755 2578 aliquos,

363 2581 548 2659 atque
576 2573 846 2637 civitates
873 2574 937 2637 in
967 2573 1227 2639 amicitia
1255 2574 1700 2638 continuerunt.
1789 2570 1857 2637 Is
1907 2573 2067 2638 enim
2105 2580 2199 2639 est
2225 2574 2325 2639 An
2367 2576 2561 2641 lorum
2604 2602 2754 2660 mos,

362 2666 427 2724 et
456 2658 746 2725 Ibernicae
774 2659 858 2723 rei
899 2658 1114 2723 ublicoe
1150 2658 1629 2725 administrandae
1681 2659 1853 2737 ratio,
1884 2666 1955 2722 ut
2005 2659 2071 2723 in
2121 2658 2297 2739 bello,
2326 2599 2662 2749 dubiisque,
2694 2676 2757 2731 et

362 2746 628 2811 adversis
655 2743 832 2810 rebus
899 2744 1114 2810 bernos
1158 2768 1237 2810 ne
1286 2745 1534 2810 minima
1558 2745 1777 2830 injuria
1803 2752 2151 2830 provocent,
2182 2747 2400 2812 facient
2428 2753 2649 2835 magni,
2696 2762 2757 2817 et

361 2833 538 2898 donis
567 2838 823 2912 ornent3
866 2832 932 2897 in
958 2854 1122 2918 pace,
1146 2840 1208 2897 et
1233 2830 1412 2897 rebus
1441 2831 1716 2896 secundis
1738 2831 2041 2917 jugulent,
2072 2830 2325 2912 deleant,
2358 2835 2627 2919 perdant.

449 2918 797 3005 Finigaldae,
827 2918 922 2985 vel
951 2918 1223 3004 Anglicae
1238 2918 1586 3005 provinciae,
1608 2924 1670 2981 et
1659 2916 2067 3069 ¹¹¹principibus
2095 2918 2331 2984 Ibernis
2351 2923 2491 2987 novi
2521 2926 2753 3008 generis

361 3012 492 3071 toto
541 3002 741 3071 studio
787 3005 1138 3093 persuadere
1193 3005 1393 3071 conati
1449 3010 1610 3083 sunt,
1666 3004 1680 3017 ‘
1728 3027 1796 3069 os
1846 3004 2029 3069 fuisse
2085 3007 2558 3091 possessionibus
2608 3013 2751 3092 suiS,

361 3100 540 3178 atque
567 3093 790 3159 finibus
815 3092 1124 3193 pellendos
1153 3092 1228 3159 ab
1257 3092 1520 3178 antiquis
1549 3089 1804 3170 Ibernis,
1836 3092 1940 3177 qui
2016 3114 2087 3157 ro
2112 3091 2421 3160 catholica.
2446 3094 2563 3161 fide
2591 3120 2753 3163 arma

361 3202 496 3245 sum
717 3186 764 3261 t,
796 3203 849 3245 s1
875 3182 1220 3246 vincerentz
1265 3199 1386 3265 qua
1431 3178 1664 3244 fallacia
1709 3177 1913 3244 faciles
2007 3180 2235 3245 omines
2262 3204 2387 3248 non
2415 3184 2595 3249 modo
2638 3186 2753 3251 sibi

363 3266 476 3332 obe
517 3270 726 3347 ientes‚
757 3267 862 3333 sed
889 3268 1114 3333 multos
1141 3266 1462 3333 Catholicis
1490 3266 1756 3333 infensos
1782 3264 2192 3333 reddiderunt.

449 3353 857 3439 Hispanorum
906 3354 1236 3420 inauditam
1285 3352 1714 3433 crudelitatem,
1765 3360 1828 3417 et
1870 3352 2033 3439 leges
2075 3354 2313 3440 iniquas
2374 3379 2501 3422 esse
2560 3360 2749 3446 Angli

361 3442 646 3526 praefecti,
676 3449 738 3506 et
767 3441 1248 3507 Ministroclerici
1276 3463 1382 3527 per
1410 3464 1492 3519 se,
1523 3448 1584 3505 et
1612 3462 1718 3527 per
1745 3439 1893 3505 alios
1910 3439 2209 3507 adhibitos
2228 3443 2649 3527 praedicabant,
2680 3454 2753 3509 ut

359 3528 435 3593 ab
481 3550 687 3595 eorum
733 3528 994 3594 amicitia
1037 3527 1294 3593 Ibernos
1341 3528 1742 3605 deterrerent3
1788 3526 1892 3591 sed
1939 3526 2109 3592 aliter
2154 3550 2279 3593 rem
2326 3530 2541 3595 habere
2570 3531 2747 3596 hodie

357 3614 512 3680 nulli
538 3614 892 3681 Ibernorum
921 3637 1046 3680 non
1067 3622 1160 3679 est
1187 3638 1260 3679 ex
1299 3614 1780 3695 loratissimum.ss
2772 3644 2945 3713 [116.]

447 3700 653 3767 Iberni
683 3704 734 3767 si
763 3702 978 3767 millies
1009 3700 1084 3767 ab
1113 3704 1258 3787 Ang
1284 3702 1332 3764 's
1357 3702 1423 3766 in
1443 3699 1602 3765 bello
1625 3700 1961 3777 deficerent,
1984 3700 2163 3764 toties
2191 3704 2391 3763 tamen
2420 3699 2494 3764 ab
2524 3700 2745 3767 eisdem

355 3788 703 3941 {alifigmfizm
746 3789 1148 3940 ιοοὸῑξειιῒιιι·
1195 3794 1258 3887 et
1303 3784 2273 3938 reiitibuseloffgibustcondonatis
2300 3784 2544 3938 inlsttgpei·
2573 3787 2746 3938 dtmis

453 3897 625 3941 ceren
653 3898 744 3941 ur.
995 3896 1128 3939 rum
1195 3896 1362 3939 mve
1429 3895 1551 3938 sem
1679 3894 1711 3937 e
1753 3894 1893 3937 clun
1948 3894 2015 3936 ιιι
2205 3920 2225 3949 ,
2255 3892 2355 3935 mo
2539 3894 2743 3941 ecun-

357 3968 476 4041 tur,
507 3969 569 4028 et
595 3962 784 4050 Angli
809 3984 888 4027 ne
909 3961 1087 4027 fldem
1123 3897 1394 4047 filangere
1417 3960 1747 4037 videantur,
1785 3957 1903 4022 illis
1953 3958 2048 4023 vel
2061 3894 2225 4023 m
2254 3896 2745 4027 novumperimen

357 4047 668 4135 objiciunt,
697 4049 791 4116 vel
821 4068 1196 4136 quacumque
1224 4048 1404 4113 causa
1440 4047 1619 4112 etiam
1667 4044 1966 4111 levissima
1992 4044 2069 4111 ad
2095 4044 2464 4111 inserendam
2492 4055 2743 4115 mortem

357 4144 500 4201 sunt
555 4137 822 4203 contenti
866 4136 944 4201 Id
994 4158 1106 4221 ego
1158 4134 1399 4221 quidem
1444 4134 1516 4199 eb
1565 4132 1765 4197 minus
1809 4132 2011 4211 miror,
2054 4132 2217 4218 quod
2266 4154 2439 4217 paena
2522 4154 2587 4199 ar
2643 4158 2743 4201 eos

358 4244 595 4310 quoque
659 4228 912 4302 maneat,
957 4222 1064 4308 qui
1131 4243 1438 4307 nunquam
1485 4218 1560 4286 ab
1610 4218 1729 4284 illis
1775 4218 2170 4299 desciverunt,
2220 4219 2401 4285 modo
2488 4222 2743 4288 'atholici

357 4310 496 4389 sint,
545 4310 784 4396 quibus,
837 4310 949 4374 etsi
1023 4308 1174 4374 nihil
1239 4308 1411 4395 pejus
1462 4306 1782 4373 ediderunt
1828 4306 2034 4392 Angli,
2088 4327 2213 4373 non
2262 4312 2463 4371 tamen
2492 4309 2743 4375 cariores

355 4396 577 4463 habent
634 4420 736 4463 eos
785 4396 1056 4475 Ibe-mos,
1105 4396 1211 4482 qui
1255 4394 1517 4461 haeretici
1567 4400 1727 4472 sunt,
1781 4394 2053 4478 quamvis
2096 4414 2232 4459 cum
2262 4394 2347 4457 eis
2374 4394 2738 4475 familiarius,

357 4482 696 4570 benignius,
725 4482 1005 4549 blandius
1034 4478 1228 4549 adhuc
1247 4488 1450 4568 agant,
1469 4480 1614 4545 dum
1636 4502 1841 4544 eorum
1861 4500 2058 4565 opera,
2089 4486 2151 4544 et
2178 4479 2399 4545 auxilio
2428 4482 2493 4546 in
2520 4482 2741 4547 Catho-

355 4570 602 4637 licorum
633 4571 928 4637 excidium
957 4576 1251 4650 utuntur-3
1295 4576 1433 4655 post
1489 4565 1827 4633 Catholicos
1856 4564 2081 4630 deletos
2108 4562 2289 4631 simili
2342 4569 2515 4653 paena
2556 4569 2739 4635 hoere-

355 4657 506 4722 ticos
534 4680 654 4743 quo
695 4680 772 4722 ue
800 4658 1082 4738 affecturi,
1115 4679 1264 4743 quos
1291 4678 1478 4742 aeqne,
1509 4662 1686 4739 atque
1715 4651 2053 4718 catholicos
2092 4652 2371 4739 diligunt,
2401 4660 2461 4719 et
2502 4678 2625 4720 non
2668 4680 2739 4723 ex

355 4744 572 4825 enimc,
602 4768 664 4811 se
757 4744 1048 4825 simulate,
1079 4754 1140 4809 et
1189 4752 1351 4809 metu
1402 4742 1711 4809 haereticos
1761 4762 1907 4819 esse,
1956 4761 2080 4805 non
2126 4740 2424 4826 ignorant.
2510 4742 2741 4809 Eodem

353 4851 591 4917 quoque
621 4833 820 4897 animo
870 4832 934 4898 in
987 4831 1196 4899 Scotos
1247 4855 1372 4899 esse
1420 4831 1733 4897 Scotorum
1775 4828 2077 4893 neminem
2102 4829 2381 4915 praeterit.
2472 4830 2535 4893 N
2539 4854 2605 4897 ec
2649 4841 2739 4897 est
