3634 5842
363 801 500 851 ω.
549 780 674 864 11.]
1051 804 1134 850 mr.
1179 804 1379 850 1³an
1425 802 1792 854 uumnncm
1838 802 2177 849 anonim.
2635 793 2757 857 20⁷

364 960 613 1040 gustum
641 956 966 1021 exercitum
989 957 1233 1023 ducenti
1259 958 1454 1023 factus
1482 956 1695 1021 obvius
1719 954 1909 1022 Huon
1940 955 2225 1023 O'Morra
2255 980 2395 1023 cum
2424 960 2771 1048 quingentis

365 1040 668 1127 peditibus
717 1042 998 1109 ultimum
1045 1066 1260 1130 agmen
1309 1044 1530 1123 fundit,
1561 1042 1788 1128 aliquot
1840 1042 2082 1125 milites,
2112 1052 2175 1110 at
2215 1068 2292 1111 ue
2320 1044 2501 1111 duces
2531 1050 2768 1130 occidit,

370 1128 578 1214 spolia,
611 1136 673 1194 et
697 1129 856 1195 inter
883 1139 1092 1197 caetera
1113 1130 1332 1196 multas
1355 1131 1620 1217 plumeas
1637 1130 1833 1217 apices
1855 1132 2033 1218 capit.
2079 1132 2183 1199 Un
2228 1155 2260 1197 e
2281 1133 2449 1198 locus
2477 1134 2655 1201 hodie
2678 1137 2765 1202 di·

370 1216 527 1281 citur
555 1215 866 1283 Transitus
909 1218 1294 1304 plumarum*
1326 1218 1580 1300 (Bearna
1599 1240 1680 1283 na
1699 1217 1965 1304 gehleti).
1998 1218 2078 1284 In
2106 1220 2447 1285 Momonias
2476 1220 2766 1291 Essexius

369 1324 508 1367 cum
527 1304 906 1388 pervenisset,
930 1306 1128 1369 statim
1161 1304 1394 1371 obsidet
1420 1304 1778 1375 catharam
1799 1328 1993 1373 arcem
2015 1306 2261 1371 Thomas
2290 1306 2549 1373 Buttleri
2578 1310 2763 1376 Baro-

369 1389 484 1469 nis,
515 1390 578 1455 in
598 1392 718 1476 qua
744 1398 979 1456 tantum
995 1399 1242 1479 septem,
1262 1392 1358 1457 vel
1378 1400 1516 1457 octo
1539 1391 1936 1457 bombardarii
1954 1393 2239 1458 custodiae
2268 1396 2446 1459 causa
2474 1404 2641 1461 erant
2669 1420 2761 1463 re-

367 1475 515 1541 licti.
583 1477 729 1543 Arci
755 1479 974 1544 auxilio
1001 1480 1252 1544 veniunt
1279 1502 1476 1545 comes
1504 1479 1887 1558 Desmonius‚
1918 1479 2307 1565 Raymundus
2335 1480 2513 1561 Bam,
2545 1490 2606 1547 et
2634 1484 2763 1570 ejus

366 1562 549 1629 frater
570 1564 906 1631 Gulielmus
934 1564 1219 1631 ducentes
1247 1566 1408 1632 mille
1436 1573 1672 1631 tantum
1701 1566 1950 1652 pedites,
1974 1574 2034 1631 et
2056 1567 2285 1652 equites
2344 1590 2541 1647 sucos,
2562 1573 2761 1656 copias

365 1651 544 1736 regiis
562 1651 804 1717 minime
833 1654 1217 1719 conferendas
1241 1654 1458 1739 (neque
1485 1653 1643 1718 enim
1675 1676 1739 1717 se
1769 1660 2132 1739 paraverant,
2164 1590 2343 1739 quod,
2343 1655 2760 1723 existimabant

363 1738 428 1801 in
446 1760 508 1803 se
524 1736 840 1805 Essexium
859 1746 984 1805 tam
1005 1738 1126 1805 cito
1147 1740 1317 1826 signa
1336 1762 1459 1806 non
1475 1741 1658 1805 fuisse
1684 1740 1994 1823 laturum.)
2057 1740 2156 1805 Ad
2186 1762 2379 1807 arcem
2408 1741 2605 1808 aditus
2634 1755 2761 1811 erat

363 1846 468 1909 per
537 1832 760 1905 ontem,
791 1849 970 1913 quem
995 1826 1220 1892 Vinkel
1263 1827 1502 1912 Anglus
1542 1827 1823 1893 tribunus
1850 1826 2109 1892 militum
2134 1848 2262 1892 non
2288 1827 2547 1895 invalida
2573 1852 2756 1897 manu

362 1920 498 1977 tene
539 1917 620 1979 at.
710 1914 985 1979 Secundo
1036 1914 1134 1980 die
1189 1913 1514 1979 obsidionis
1565 1912 1901 1987 Gulielmus
1957 1914 2203 1979 Burkus
2258 1936 2397 1980 cum
2454 1915 2757 2001 peditibus

363 2000 725 2085 quingentiS,
757 2006 819 2065 et
848 2000 1122 2066 ducentis
1172 2001 1473 2087 equitibus
1524 2002 1646 2066 arci
1674 2000 2035 2085 opitulatum
2082 2002 2384 2087 profectus
2434 2002 2753 2070 Vinkelem

361 2107 433 2150 ex
463 2093 646 2172 ponte
677 2088 838 2174 ejicit
886 2088 1195 2153 nonnullis
1245 2111 1308 2153 re
1355 2089 1424 2153 'is
1466 2088 1861 2174 interemptis,
1904 2094 1966 2152 et
1996 2088 2038 2153 J
2040 2090 2195 2153 aimo
2225 2088 2470 2155 Thomae
2500 2089 2754 2157 Baronis

357 2171 536 2238 fratre
564 2196 702 2239 cum
753 2176 1186 2261 quinquaginta
1230 2110 1532 2262 peditibus
1560 2177 1626 2241 in
1655 2198 1786 2241 arce
1815 2175 2091 2261 prasidio
2121 2174 2409 2240 collocato
2435 2177 2754 2243 incolumis

358 2262 688 2326 revertitur.
775 2263 1000 2327 Tamen
1029 2285 1132 2328 arx
1163 2262 1446 2328 continue
1473 2263 1788 2327 tormentis
1817 2270 2093 2347 quassata
2126 2260 2402 2342 diruitur,
2425 2263 2751 2333 Desmonio

356 2366 481 2412 non
509 2347 802 2448 obstante,
835 2350 940 2434 qui
987 2349 1220 2414 nullum
1272 2350 1584 2450 pugnandi
1627 2357 1867 2435 tempus
1922 2349 2392 2449 intermittendo,
2424 2351 2751 2449 conpbatur

353 2436 1250 2607 fflffissuss'fflmffifflssge‘ss
1299 2436 2587 2608 dffgffssnssffiusfflssmsssszefflffi
2610 2462 2750 2593 2²2¹:
2873 2552 2881 2559 -

349 2607 560 2674 relicto
590 2608 864 2693 praesidio
893 2609 1280 2674 Lomnachan
1309 2609 1452 2687 adit,
1483 2608 1804 2673 Catholicis
1834 2630 1960 2674 non
1988 2609 2148 2675 ausis
2178 2631 2502 2676 occurrere.
2590 2612 2747 2681 Inde

349 2694 724 2759 Asketiniam
775 2696 944 2779 petit,
997 2695 1336 2795 prmidium
1387 2696 1747 2759 firmaturus.
1838 2694 1881 2759 J
1882 2717 1978 2759 am
2022 2694 2243 2761 Daniel
2300 2695 2443 2761 Mac
2498 2696 2739 2779 Carrha,

349 2778 682 2865 Oomesque
729 2777 1092 2847 Desmomus
1123 2781 1243 2847 duo
1273 2781 1474 2859 millia,
1506 2787 1570 2845 et
1596 2780 1959 2865 quingentos
1986 2781 2207 2847 milites
2235 2790 2568 2867 coegerant,
2602 2807 2740 2851 cum

346 2866 568 2953 quibus
593 2868 826 2933 itineris
853 2869 1160 2954 angustias
1187 2867 1484 2934 obsident.
1569 2867 1775 2932 Primo
1803 2866 1880 2932 ad
1910 2868 2142 2933 hostem
2171 2890 2375 2933 versus
2402 2870 2738 2939 venientem

343 2953 462 3019 suit
479 2955 844 3019 constitutus
863 2954 1220 3034 GulieImuS,
1242 2954 1503 3020 secundo
1519 2952 1869 3039 Dermysius
1891 2953 2252 3020 O'Conchur
2272 2956 2337 3021 in
2356 2956 2502 3022 locis
2524 2957 2737 3043 planis,

341 3041 634 3127 expeditis
657 3060 672 3100 t
703 3042 916 3107 ultimo
933 3042 1192 3108 Vaterus
1211 3041 1484 3121 Tirellus,
1501 3048 1564 3107 et
1582 3041 1843 3106 Thomas
1861 3040 2196 3107 Plunketus
2213 3043 2277 3107 in
2294 3043 2441 3129 ipsis
2455 3044 2737 3111 itinerum

342 3130 776 3214 angustissimis
805 3129 1078 3196 faucibus
1106 3151 1244 3197 cum
1273 3129 1637 3216 quingentis,
1665 3136 1728 3193 et
1745 3130 2053 3215 octoginta
2072 3128 2361 3195 militibus
2384 3138 2527 3196 sunt
2554 3133 2733 3198 collo-

343 3216 458 3281 cati
489 3216 692 3302 (Moin
714 3216 1012 3301 Robhuir)
1023 3266 1038 3282 .
1057 3216 1227 3283 Inter
1249 3238 1399 3303 quos
1417 3217 1468 3281 si
1485 3216 1716 3281 medius
1734 3216 1925 3281 hostis
1941 3217 2463 3284 circumveniretur
2490 3220 2585 3303 (ut
2601 3242 2732 3307 spe-

341 3302 648 3389 rabaturm
684 3303 929 3391 impune
949 3305 1234 3370 delendus
1251 3302 1582 3370 videbatur.
1606 3304 1700 3369 Ac
1716 3304 1802 3368 ita
1817 3302 1969 3369 illud
1986 3304 2169 3369 fuisse
2186 3304 2503 3390 imperium
2523 3304 2728 3373 datum
2752 3323 2937 3396 [ιθ-1.]

341 3390 380 3455 a
407 3388 587 3455 Petro
615 3390 824 3456 Lessio
852 3393 1160 3457 tesserario
1190 3393 1468 3472 maximo,
1498 3397 1570 3455 ut
1593 3390 1769 3455 illum
1795 3389 2055 3456 Vaterus
2076 3396 2139 3455 et
2164 3390 2423 3457 Thomas
2450 3394 2730 3479 primum,

342 3477 556 3543 deinde
585 3478 950 3565 Dermysius,
981 3486 1043 3544 et
1090 3478 1424 3545 Gulielmus
1455 3478 1492 3543 a
1519 3484 1689 3564 tergo
1732 3476 2123 3556 adorirentur,
2156 3478 2331 3543 multi
2360 3481 2729 3561 confirmant,

339 3564 441 3629 sed
469 3564 726 3631 Vaterus
755 3573 816 3631 et
842 3566 1100 3631 Thomas
1129 3567 1490 3631 contrarium
1533 3564 1870 3630 efferebant.
1957 3565 2173 3650 Itaque
2201 3564 2298 3631 die
2327 3566 2588 3645 Saturni,
2618 3566 2731 3632 Es-

334 3653 760 3805 ifflssnsspissi
779 3652 1796 3804 ἒῖεὲἓὲιῗῒὲωᾚῗέέἓῗῗῖἕῗ
1820 3650 2020 3803 ἰιῗθέἓ
2096 3651 2731 3825 Σιῖξὲἷὲἆὲῑὲἓὲἓὲ

334 3848 410 3890 ex
454 3789 691 3892 Ibernis
738 3824 1032 3891 militibus
1075 3824 1362 3891 habentes
1413 3788 1801 3902 Grilielmum,
1832 3829 1893 3889 et
1938 3822 2320 3909 Dermysium
2368 3831 2729 3910 praetereunt

332 3914 570 3979 nemine
618 3920 1006 3999 repugnante,
1047 3920 1118 3978 ut
1168 3920 1295 3979 erat
1335 3913 1597 3999 jussum.
1683 3908 1921 3976 Deinde
1968 3908 2279 3989 Vaterum,
2331 3917 2394 3975 et
2435 3911 2727 3978 Thomam

329 4006 754 4085 praetereuntes
801 4022 876 4065 ex
924 4000 1218 4085 angustiis
1260 4000 1326 4065 in
1374 3998 1624 4085 planum
1671 4020 1801 4063 sese
1858 3995 2259 4063 conferebant.
2348 3996 2530 4069 Quod
2587 4022 2727 4065 cum

329 4086 679 4174 Dermysius
707 4086 952 4152 vidisset
996 4092 1162 4151 ratus
1190 4108 1298 4173 per
1346 4086 1654 4173 perfidiam
1681 4084 1722 4148 a
1747 4082 1991 4164 Vatern,
2022 4090 2085 4149 et
2110 4083 2345 4149 Thoma
2371 4084 2607 4151 hostem
2635 4087 2723 4153 di·

397 4270 424 4297 ·
460 4268 682 4323 Bearna
703 4284 777 4321 na
816 4266 1039 4321 Geleiti.
1118 4266 1242 4321 The
1266 4274 1426 4321 exact
1461 4265 1701 4339 position
1726 4264 1793 4320 of
1827 4264 1923 4319 the
1944 4282 2069 4337 pass
2092 4263 2159 4317 of
2174 4260 2399 4319 Plumea
2421 4274 2521 4320 not
2544 4284 2723 4323 ascer-

323 4338 541 4405 tainedg
579 4338 674 4392 the
697 4336 878 4393 action
901 4337 960 4391 in
983 4338 1079 4393 the
1099 4344 1221 4393 text
1243 4356 1434 4407 agrees
1460 4356 1524 4392 ve
1613 4336 1736 4392 well
1753 4336 1887 4391 with
1905 4336 2028 4391 that
2046 4335 2329 4389 described
2343 4336 2401 4389 in
2566 4338 2723 4395 moh’s

337 4410 588 4474 flenti-ce,
611 4427 667 4482 p.
695 4412 784 4462 32.
861 4408 1056 4474 Essex,
1080 4408 1224 4463 after
1263 4408 1529 4481 relieving
1619 4407 1991 4479 aryborough,
2015 4406 2126 4477 had
2160 4406 2419 4461 marched
2441 4427 2475 4462 a
2512 4418 2611 4463 out
2636 4410 2719 4465 six

321 4481 478 4535 miles
499 4480 740 4535 towards
762 4480 858 4535 the
882 4488 1082 4552 county
1107 4480 1175 4534 of
1207 4480 1502 4552 Kilkenny,
1527 4478 1682 4533 when
1707 4479 1776 4534 he
1816 4476 1990 4532 found
2013 4478 2059 4530 it
2082 4494 2365 4549 necessary
2389 4486 2448 4533 to
2471 4480 2613 4563 fight
2634 4481 2719 4536 his

322 4551 706 4677 vahthrough
731 4568 766 4605 a
786 4567 1004 4605 nari-ow
1028 4568 1169 4623 pass,
1191 4551 1362 4605 about
1385 4568 1420 4605 a
1441 4551 1570 4605 mile
1593 4552 1686 4635 lon
1727 4591 1744 4615 ,
1783 4549 1894 4603 and
1932 4548 2183 4633 bemmed
2204 4548 2262 4601 in
2286 4566 2359 4602 on
2382 4550 2456 4603 all
2480 4550 2623 4635 sides
2646 4552 2716 4625 by

325 4640 360 4677 a
378 4632 406 4677 t
444 4622 531 4677 ‘ck
553 4622 730 4676 ποσά.
809 4622 978 4695 Many
1003 4622 1070 4677 of
1085 4622 1179 4677 the
1202 4622 1418 4677 forlorn
1441 4622 1600 4693 hope,
1613 4629 1709 4674 vit
1768 4619 2006 4692 Oaptaan
2020 4618 2260 4673 Boswell
2282 4620 2392 4673 and
2418 4620 2715 4688 Gardmer,

322 4710 466 4749 were
489 4700 587 4748 cut
609 4693 703 4748 off.
781 4692 902 4749 The
926 4711 1085 4749 scene
1110 4693 1178 4749 of
1191 4692 1302 4749 this
1325 4693 1510 4747 action
1533 4692 1581 4745 is
1605 4708 1640 4745 a
1661 4689 1791 4746 mile
1813 4690 2027 4763 beyond
2052 4688 2268 4761 Groshy
2293 4690 2437 4746 Duff
2453 4692 2569 4748 hill.

390 4767 421 4832 ἲ
447 4763 748 4836 Dymmok's
780 4764 1033 4830 Treatise,
1059 4784 1112 4836 p.
1136 4768 1226 4819 34.
1305 4766 1454 4819 Fom·
1471 4764 1724 4829 Mamers,
1749 4780 1800 4834 p.
1828 4766 1989 4817 2114.
2070 4762 2253 4816 There
2276 4760 2322 4815 is
2342 4780 2490 4817 some
2516 4764 2716 4820 discre-

325 4853 496 4907 pancy
517 4836 574 4890 in
601 4834 814 4891 details.
