3634 5842
903 754 984 815 82
1290 744 1706 809 o’sunnnvmr
1747 756 2061 803 ms'ronm
2104 757 2489 818 cam-nomon,
2530 757 2680 804 mu.
2724 758 2772 802 1.
2988 736 3144 821 [Lm.
3188 755 3278 799 ιν.

905 942 1135 1075 {iffi
1177 909 2668 1091 {ffiffissff‘ssffisffiffitsssffiffi
2684 930 2953 1063 „iffi
2991 930 3286 1081 ”⁰3:322

906 1096 1066 1161 enim
1116 1091 1428 1159 hominum
1471 1088 1624 1152 vires
1747 1088 1944 1147 tentes
1988 1105 2115 1148 aese
2158 1082 2354 1163 credo,
2399 1091 2627 1151 tantam
2682 1083 3112 1150 immanitatem
3152 1103 3285 1168 per-

906 1183 1078 1261 ferre,
1109 1187 1170 1245 et
1199 1178 1448 1254 vincere,
1479 1172 1596 1238 nisi
1623 1192 1658 1234 a
1747 1191 1819 1234 eo
1849 1168 2116 1255 Optimo,
2141 1170 2408 1237 Maximo
2426 1172 2723 1259 praecipuo
2754 1168 3013 1256 quodam
3038 1189 3285 1234 munere

907 1268 1180 1355 adjutas:
1227 1286 1262 1329 a
1331 1284 1408 1329 uo
1448 1260 1630 1326 Divus
1656 1255 1945 1321 Patritius
1975 1254 2231 1323 Iberniae
2258 1257 2485 1324 Praeses
2513 1258 2699 1324 fertur
2724 1258 3086 1344 impetrasse,
3118 1277 3193 1320 ne
3220 1256 3286 1319 in

909 1378 978 1422 ea
1007 1372 1269 1439 uuquam
1290 1286 1473 1415 {ides
1501 1338 1808 1410 catholica
1845 1342 2127 1409 deleatur.
2215 1344 2527 1425 Praeterea,
2560 1344 2720 1431 quod
2737 1343 2941 1409 Iberni
2968 1342 3283 1429 prosperis,

910 1448 974 1509 et
1021 1438 1269 1524 integris
1298 1435 1478 1501 rebus
1527 1421 1858 1517 Religionis
1908 1428 2229 1497 Catholicae
2276 1433 2520 1497 fuerunt
2568 1428 3090 1508 observantissimi,
3119 1450 3285 1494 nunc

909 1528 1028 1594 illis
1057 1524 1277 1592 affectis
1307 1520 1554 1588 diversis
1580 1516 1841 1583 adversae
1868 1517 2125 1582 fortunae
2152 1516 2390 1597 ictibus,
2422 1525 2484 1584 et
2511 1516 2741 1584 obrutis
2768 1523 2861 1583 tot
2888 1536 3286 1582 aerumnarum

911 1612 1164 1681 cumulis
1221 1610 1387 1676 Deus
1441 1606 1791 1692 religionem
1851 1602 2135 1669 divinitus
2184 1626 2528 1671 conservare
2576 1604 2827 1672 videtur.
2915 1602 3132 1688 Neque
3178 1624 3289 1687 ego

909 1722 1156 1853 ρῗέεὺιέω
1185 1697 1372 1849 ahaupri1
1384 1694 1566 1781 hujus
1593 1692 1680 1757 rei
1707 1691 1998 1757 rationem
2024 1690 2286 1772 reddere,
2317 1691 2535 1759 divina:
2560 1692 2777 1757 mentis
2804 1712 3048 1757 arcanos
3079 1710 3289 1755 sensus

911 1812 948 1854 a
1121 1808 1256 1851 scru
1396 1803 1522 1847 non
1550 1798 1748 1845 ausus.

997 1871 1274 1939 Difficilis
1334 1875 1424 1935 est
1474 1876 1537 1931 et
1583 1864 1686 1931 illa
1736 1864 2012 1949 quaestio,
2063 1886 2203 1929 cum
2247 1863 2455 1931 Iberni
2498 1865 2625 1931 sint
2666 1864 2958 1931 Catholici
3013 1866 3289 1928 constan-

912 1960 1148 2039 tissimi,
1178 1955 1404 2058 artibus
1449 1952 1594 2019 belli
1641 1956 2011 2039 praestantes,
2056 1973 2327 2051 saepeque
2370 1974 2480 2039 pro
2521 1951 2646 2052 pei
2689 1951 2822 2052 lege
2868 1950 3046 2016 multi
3068 1950 3293 2049 ferrum

915 2048 1655 2199 s'ffiffiffifeffissffffl
1686 2059 2007 2189 {affl
2057 2037 2315 2223 ‘3⁰35ssss
2339 2038 3291 2211 ffiffifflfiffbffiffl‘ssss

915 2218 1156 2306 plicatio
1183 2217 1402 2304 partim
1427 2235 1605 2279 reeon
1652 2212 1731 2276 'ta
1775 2217 1887 2292 est,
1914 2208 2191 2291 Numim,
2219 2233 2344 2277 non
2370 2211 2718 2278 mortalibus
2746 2210 3067 2297 explorata.
3155 2206 3293 2279 Qua

915 2313 1116 2373 tamen
1173 2308 1339 2391 parte
1387 2301 1726 2386 conjectura
1780 2303 1986 2363 nostra
2040 2304 2241 2385 potest
2294 2298 2495 2378 solvi,·
2520 2321 2633 2385 ego
2688 2320 2883 2365 meam
2942 2296 3293 2364 sententiam

916 2392 1197 2479 proferre,
1226 2411 1353 2455 non
1380 2385 1686 2473 gravabor.

1010 2476 1179 2543 Sicut
1205 2476 1318 2542 hac
1347 2472 1675 2540 miserrima
1700 2478 2051 2557 tempestate
2076 2471 2334 2551 haeresis,
2364 2477 2425 2537 et
2452 2476 2665 2557 spretae
2690 2469 2831 2537 fidei
2859 2470 3049 2536 scelus
3078 2470 3295 2536 multas

918 2564 1080 2631 orbis
1107 2561 1428 2629 Christiani
1454 2560 1726 2647 regiones
1767 2559 2001 2637 invasit,
2052 2558 2139 2623 ita
2183 2558 2299 2624 alia
2342 2558 2582 2643 flagitia,
2612 2558 2709 2623 his
2759 2556 2999 2643 quidem
3040 2558 3286 2635 minora,

917 2651 1063 2717 satis
1107 2656 1308 2716 tamen
1353 2669 1587 2733 magna,
1635 2652 1697 2711 et
1737 2645 1941 2732 gravia
1988 2650 2225 2731 pectora
2270 2643 2628 2711 Ibernorum
2673 2650 3056 2744 occuparunt.
3144 2642 3294 2709 Haec

921 2743 1084 2817 sunt,
1115 2736 1381 2813 ambitio,
1409 2734 1605 2801 inanis
1651 2732 1857 2819 gloria,
1908 2738 1971 2797 et
2010 2730 2415 2798 homicidium.
2502 2731 2721 2799 Priscis
2750 2730 2990 2817 quidem
3016 2731 3293 2817 tempori·

919 2823 1036 2891 bus
1063 2823 1272 2890 Iberni
1321 2820 1642 2888 catholicae
1669 2818 1808 2885 fidei
1854 2818 2163 2904 splendore
2190 2818 2426 2885 lustrati
2452 2818 2696 2884 fuerunt
2723 2817 3070 2904 incorrupti,
3101 2826 3163 2882 et
3204 2818 3293 2882 in-

921 2912 1078 2997 tegri
1119 2908 1405 2988 moribus,
1451 2908 1620 2988 recti,
1664 2906 1932 2993 justique
1976 2905 2256 2971 cultores.
2347 2904 2465 2970 Sed
2508 2906 2634 2991 jam
2662 2904 2805 2971 olim
2832 2904 3105 2970 inaudita
3130 2906 3293 2990 cupi·

922 2998 1110 3063 ditate
1140 2994 1452 3064 obtinendi
1478 2991 1879 3080 possessiones
1908 2990 2149 3077 amplas,
2182 2998 2245 3057 et
2290 2991 2358 3057 in
2395 2992 2507 3057 sut.
2534 2991 2785 3078 quisque
2813 2990 3039 3057 familis
3076 2992 3294 3079 princi-

922 3105 1064 3171 pem
1121 3083 1342 3161 locum,
1397 3084 1686 3146 arserunt.
1807 3076 1975 3144 Hinc
2018 3078 2447 3158 contentiones,
2508 3078 2662 3156 odia,
2724 3076 2897 3158 bella,
2956 3076 3295 3155 domestica,

921 3168 1158 3256 praedae,
1191 3168 1693 3255 depopulationes,
1725 3174 1787 3230 et
1811 3163 1876 3229 id
1905 3186 2095 3250 genus
2124 3172 2399 3231 sexcenta
2424 3165 2597 3244 mala,
2628 3172 2829 3233 secuta
2856 3170 3019 3231 sunt.
3082 3162 3299 3250 Neque

923 3254 1083 3321 enim
1111 3253 1291 3321 modo
1319 3254 1462 3320 novi
1487 3252 1710 3330 Iberni,
1739 3257 1965 3317 veteres
2012 3250 2397 3337 impetebant,
2428 3259 2489 3318 et
2536 3251 2611 3318 ab
2654 3250 2775 3317 illis
2816 3250 3027 3318 mutuo
3054 3252 3297 3337 impete-

923 3340 1181 3421 bantur:
1227 3340 1334 3407 sed
1379 3340 1522 3406 novi
1569 3360 1776 3417 novos,
1829 3342 1890 3402 et
1935 3343 2165 3403 veteres
2214 3338 2315 3403 alii
2359 3338 2525 3417 alios,
2572 3344 2633 3403 et
2682 3339 2945 3425 plerique
2994 3344 3299 3422 magnates

925 3427 1211 3495 finitimos
1269 3423 1739 3513 impugnabant:
1785 3446 1854 3489 ac
1910 3424 2089 3489 etiam
2139 3424 2583 3509 consanguinei,
2640 3448 2913 3513 soepeque
2968 3426 3177 3489 iratres
3226 3422 3299 3489 de

927 3514 1126 3603 parvis
1151 3521 1324 3579 ωτι-ω
1345 3510 1674 3599 jugeribus,
1719 3510 1794 3575 de
1824 3509 1954 3575 aliis
1994 3510 2484 3597 possessionibus,
2515 3510 2590 3577 de
2619 3512 2977 3577 contumelia
3004 3511 3159 3576 ferro
3202 3534 3299 3577 ex-

927 3601 1326 3688 periebantur,
1358 3599 1458 3665 alii
1507 3598 1758 3663 aliorum
1785 3597 1926 3662 vitae
1954 3596 2197 3663 minime
2225 3605 2547 3685 parcentes.
2636 3596 2802 3663 Hinc
2828 3614 2965 3663 cum
2992 3597 3301 3664 hominum

927 3694 1170 3774 peccata
1197 3687 1396 3773 regnis
1423 3684 1717 3751 excidium
1745 3682 1976 3750 soleant
2003 3683 2223 3764 afferre,
2259 3707 2450 3771 aequo,
2473 3684 2919 3772 justissimoque
2939 3683 3056 3750 Dei
3076 3684 3301 3770 judicio

931 3774 1285 3861 permissum
1312 3778 1422 3852 est,
1452 3778 1543 3852 ut,
1573 3772 1678 3857 qui
1706 3772 1784 3836 ob
1835 3770 1995 3837 bona
2036 3778 2270 3837 terrena
2314 3780 2439 3837 tam
2482 3772 2712 3871 injusti,
2741 3771 3005 3837 crudeles
3033 3779 3095 3836 et
3136 3772 3301 3858 impii

931 3860 1032 3927 alii
1057 3861 1124 3927 in
1151 3861 1297 3926 alios
1324 3860 1586 3938 suerunt,
1618 3858 1798 3923 iidem
1844 3859 2022 3924 rebus
2061 3857 2340 3924 omnibus
2388 3856 2463 3923 ab
2493 3856 2621 3923 allis
2648 3856 2873 3944 inique,
2902 3866 2964 3924 et
2991 3858 3303 3926 crudeliter

931 3952 1242 4026 exuantur,
1275 3948 1379 4033 qui
1406 3945 1599 4012 aliena
1643 3946 2075 4031 appetiverunt,
2106 3944 2168 4011 hi
2220 3966 2327 4011 sua
2362 3944 2677 4011 amittant:
2726 3944 2831 4031 qui
2855 3946 3122 4011 fortunas
3144 3944 3303 4031 juste

933 4032 1192 4099 dividere
1221 4041 1283 4099 et
1353 4032 1518 4097 artiri
1567 4030 1909 4112 noluerunt,
1956 4032 2023 4097 hi
2066 4031 2290 4117 nullam
2319 4037 2546 4118 partem
2574 4032 2947 4098 fortunarum
2974 4034 3298 4098 retineant:

934 4141 1068 4205 quae
1095 4124 1250 4185 terra
1339 4118 1774 4197 omesticorum,
1822 4120 2373 4220 consangineorum,
2420 4118 2669 4185 t'ratrum
2717 4140 2925 4185 cruore
2972 4120 3163 4185 tincta
3194 4125 3303 4199 est,

934 4206 1157 4273 eisdem
1211 4204 1313 4271 illa
1369 4205 1647 4291 adempta
1702 4202 1776 4270 ab
1836 4210 2092 4271 externis
2150 4204 2557 4292 possideatur:
2631 4212 2693 4269 et
2747 4227 2883 4290 quie
2938 4206 3303 4272 miseriarum

935 4292 1429 4445 :eme
1454 4289 2149 4463 mdssfflssfftnffizffsssst}
2200 4288 2358 4450 Re„
2381 4290 3037 4447 aas·
3060 4292 3306 4451 02:23:

937 4466 1200 4551 divulgo,
1231 4464 1284 4531 si
1309 4466 1409 4531 cui
1433 4466 1634 4531 forsan
1673 4486 1943 4531 meorum
1992 4466 2205 4551 gravis,
2235 4471 2297 4531 et
2323 4465 2609 4532 molestus
2636 4400 2840 4544 i'ueerg:³
2854 4466 3006 4533 hanc
3040 4466 3307 4551 (obsecro

935 4574 1044 4637 per
1069 4550 1288 4634 Deum)
1319 4552 1552 4619 veniam
1582 4551 1684 4617 det
1711 4552 1877 4632 mihi,
1910 4553 2081 4639 cujus
2126 4558 2217 4618 est
2256 4575 2383 4617 non
2422 4552 2621 4617 minus
2650 4552 2917 4634 virtntoe,
2957 4552 3137 4639 quam
3164 4554 3308 4619 vitia

935 4636 1168 4737 referre,
1197 4645 1270 4704 ut
1295 4638 1398 4705 illa
1416 4638 1591 4705 laude
1619 4638 1949 4739 efferantur,
1968 4639 2097 4705 haec
2124 4638 2443 4738 supplicio,
2464 4637 2667 4738 saltem
2699 4640 3060 4725 posteritatis
3082 4640 3307 4726 judicio

936 4732 1278 4809 puniantur.
1365 4727 1458 4791 Ac
1487 4726 1557 4789 eo
1605 4725 1843 4811 quidem
1894 4726 2023 4791 haec
2072 4725 2320 4791 tacenda
2362 4724 2607 4791 minime
2656 4725 2820 4805 duxi,
2852 4734 2922 4793 ut
2950 4727 3055 4814 qui
3103 4748 3307 4815 super-

939 4830 1145 4875 sumus
1200 4808 1424 4890 Iberni,
1485 4810 1760 4878 acerbum
1839 4812 2156 4897 flagellum,
2234 4811 2611 4898 divinamque
2680 4812 3003 4881 vindictam
3060 4816 3307 4901 experti,
