3634 5842
414 742 551 790 cu.
582 721 723 804 xm]
906 740 991 786 nn
1021 739 1321 792 annuos.
1346 737 1569 786 rimus
1598 738 2088 786 rmscunoms
2119 739 2400 786 runci-is.
2666 723 2781 786 291<

412 892 707 962 erroribus
732 891 1001 960 imbutus
1046 915 1200 960 verse
1244 892 1549 980 religionis
1594 899 1795 958 nectar
1839 913 1964 959 non
1992 889 2295 958 libaverat.
2379 891 2794 970 Nihilominus

410 979 781 1048 Dubhlinnae
824 1001 1135 1067 protegen
1182 979 1387 1047 adiens
1434 980 1521 1046 ita
1546 979 1888 1067 alloquitur.
1979 983 2020 1016 “
2041 979 2200 1046 Reor
2255 980 2529 1066 equidem
2578 1003 2792 1068 prorex

410 1067 915 1147 excellentissime,
944 1068 1171 1154 optimo
1197 1067 1413 1154 cuique
1453 1066 1521 1132 id
1566 1087 1696 1132 esse
1740 1090 1777 1132 a
1803 1071 2034 1147 natura,
2064 1065 2164 1132 vel
2211 1090 2248 1133 a
2273 1065 2408 1132 Deo
2437 1075 2684 1147 naturae,
2727 1074 2790 1134 et

409 1177 608 1220 rerum
638 1154 907 1220 omnium
932 1155 1161 1242 opifice,
1190 1159 1254 1220 et
1296 1153 1543 1220 authore
1590 1153 1861 1234 insitum,
1889 1159 1963 1218 ut
1988 1153 2339 1219 afflictorum
2368 1156 2587 1240 magna
2611 1155 2788 1220 mise-

409 1241 638 1308 ratione
692 1241 1017 1321 moveatur,
1072 1241 1399 1329 prasertim
1454 1241 1595 1306 cum
1662 1241 1932 1306 insontes
1999 1239 2386 1307 immoderata
2441 1243 2796 1308 nocentium-

408 1327 639 1394 feritate
670 1327 1035 1414 quatiuntur.
1123 1327 1277 1400 Quis
1327 1326 1483 1394 enim
1534 1333 1626 1392 est
1672 1325 1916 1413 ingenio
1955 1332 2081 1392 tam
2107 1327 2316 1405 ferino,
2347 1333 2408 1392 et
2423 1326 2787 1412 ,abhorrente

410 1414 485 1480 ab
512 1415 899 1495 humanitate,
928 1421 999 1481 ut
1046 1437 1171 1480 non
1217 1413 1415 1480 doleat
1461 1413 1751 1479 innocuos
1780 1436 1817 1478 a
1843 1413 2057 1498 pravis,
2103 1420 2280 1498 atque
2307 1415 2652 1499 perniciosis
2692 1415 2786 1480 in-

409 1507 589 1588 gente
615 1502 831 1583 furore,
860 1507 923 1566 et
968 1500 1237 1581 libidine,
1266 1507 1622 1588 praepostera
1669 1500 1803 1586 lege
1831 1499 2104 1586 opprimi,
2135 1508 2197 1564 et
2216 1500 2466 1586 puniri?
2551 1503 2646 1566 Ac
2687 1523 2784 1566 me

410 1587 651 1689 quidem
676 1611 813 1689 cum
855 1588 985 1654 haec
1012 1588 1326 1668 miseratio,
1356 1595 1500 1687 tum·
1516 1586 1876 1687 couscientia
1922 1608 2058 1686 mea
2095 1584 2322 1685 subigit
2355 1609 2646 1686 enponere
2671 1587 2786 1688 tibi

407 1673 1675 1849 'ffitzfflffl'zz‘fflqffinssflfflssff’
1704 1673 2785 1846 fflndffifttmzsssisffistffioessssoffi

408 1847 699 1944 Papistas,
726 1849 1017 1950 imminet.
1104 1848 1385 1948 'Namque
1409 1847 1551 1913 novi
1585 1869 1707 1946 ‘pro
1750 1867 1783 1910 e
1832 1851 1998 1946 tuam
2047 1846 2346 1932 pietatem,
2377 1869 2784 1948 summamque

406 1941 748 2087 3333
760 1936 1093 2088 13„ssssss
1106 1932 2785 2119 ’ἶῖἴὲῗεῗὲἱῗωέἓῖαὲἓέἷῗὲἓῗὲἧῑὲξὲἑᾚῖἳεᾞέἳ
2805 2035 2986 2104 [ω]

408 2107 773 2196 Reipublicae
800 2108 1231 2174 consulendum
1260 2131 1296 2173 a
1337 2113 1401 2173 te
1450 2128 1577 2173 esse
1626 2129 1822 2192 spero.
1894 2106 2108 2192 Itaque
2153 2106 2373 2171 milites
2415 2108 2537 2188 isti,
2568 2107 2783 2194 aliique

405 2195 555 2282 regii
598 2195 855 2261 ministri
898 2216 1036 2260 cum
1080 2193 1313 2280 magnis
1360 2195 1561 2260 furum
1605 2200 1785 2279 atque
1834 2213 2169 2279 ganconum
2213 2195 2484 2273 catervis,
2530 2215 2678 2281 quas
2719 2197 2785 2260 in

406 2303 575 2347 suam
602 2281 1075 2361 familiaritatem,
1106 2287 1285 2368 atque
1333 2282 1674 2346 societatem
1719 2279 2033 2359 asciscunt,
2048 2301 2134 2348 ‚eo
2183 2278 2378 2346 colore
2407 2281 2566 2367 quod
2597 2305 2785 2347 sacer-

408 2367 576 2434 dotes
603 2370 1008 2449 insectantur3
1054 2391 1247 2454 agros,
1272 2367 1475 2447 urbes,
1504 2366 1743 2466 oppida,
1793 2366 2020 2445 domos,
2052 2366 2372 2447 conclavia,
2411 2379 2782 2454 percurrunt,

405 2455 715 2535 invadunt,
746 2455 1161 2541 depredantur,
1213 2455 1540 2541 diripiunt:
1584 2461 1930 2519 innocentes
1972 2452 2135 2518 falsis
2164 2452 2576 2534 delationibus,
2608 2465 2786 2542 atque

409 2541 779 2608 documentis
808 2551 999 2626 agunt
1025 2541 1113 2606 rel
1262 2547 1310 2620 t,
1336 2542 1538 2619 morti,
1568 2539 1892 2605 addicunt:
1939 2561 2142 2604 eorum
2171 2540 2441 2605 fortunas
2470 2541 2583 2605 sub
2611 2543 2786 2608 hasta

408 2627 697 2707 vendunt,
756 2649 1013 2692 amoenas
1070 2563 1261 2706 vllffl:
1316 2626 1487 2692 loetos
1542 2624 1768 2705 hortos,
1806 2625 2145 2712 pretiosam
2201 2626 2627 2712 supellectilem
2670 2630 2788 2695 sibi

409 2713 794 2800 adjudicant:
837 2719 1027 2798 utque
1072 2735 1199 2777 uno
1248 2712 1429 2777 verbo
1475 2710 1708 2777 sceleris
1758 2733 2052 2776 summam
2079 2713 2592 2798 comprehendam,
2623 2737 2788 2782 sacra

410 2806 472 2866 et
499 2800 747 2886 profana
772 2798 1069 2886 polluunt.
1113 2797 1396 2883 Dumque
1441 2794 1773 2863 incredibili
1800 2797 2032 2862 insania
2060 2799 2341 2882 exagitati
2368 2799 2497 2864 haec
2525 2800 2786 2867 crudelia

406 2887 669 2953 facinora
696 2886 1097 2965 committunt,
1126 2907 1229 2950 sus
1270 2905 1365 2965 ue,
1396 2883 1587 2970 deque
1612 2884 1833 2964 ferunt,
1863 2906 1940 2949 an
1965 2884 2034 2948 in
2060 2885 2282 2950 crimen
2309 2885 2645 2966 inciderint,
2673 2909 2786 2954 nec

406 2995 506 3054 ne,
536 2975 599 3039 hi
646 2975 713 3040 in
756 2993 908 3060 quos
954 2975 1043 3038 ita
1078 2981 1247 3037 trucu
1274 2979 1441 3036 enter
1490 2970 1761 3036 saeviunt.
1847 2969 1932 3035 Et
1974 2970 2242 3056 profecto
2270 2973 2538 3057 quamvis
2581 2995 2786 3040 omnes

408 3060 614 3127 Iberni
639 3061 898 3148 Papistae
926 3059 1257 3126 sacerdotes
1304 3065 1519 3136 essent,
1548 3065 1749 3122 tamen
1796 3079 1908 3123 nec
1953 3057 2288 3136 honestum,
2319 3081 2428 3124 nec
2469 3059 2786 3146 pulchrum

408 3147 709 3249 videretur
731 3149 797 3214 in
825 3170 927 3213 eos
952 3155 1077 3213 tam
1102 3148 1359 3212 immane
1387 3143 1677 3246 bacchari,
1698 3151 2088 3244 praeterquam
2114 3144 2228 3226 lex,
2249 3145 2422 3226 ratio,
2451 3146 2786 3248 exemplum

409 3239 1762 3408 ssflgguggggoessfflffluffinffiflssffi
1787 3231 2201 3398 {²me
2229 3232 2579 3407 ιοὲιῖῗζῗ
2599 3242 2786 3387 {53¹3

410 3409 581 3474 malis
626 3408 904 3476 adhibeas
953 3408 1337 3474 curationem.
1428 3405 1568 3472 Hoc
1615 3406 1862 3471 interest
1904 3404 2132 3493 pubhci
2175 3404 2338 3485 boni,
2397 3407 2571 3492 cujus
2631 3410 2785 3474 ratio

411 3497 783 3581 potissimum
814 3494 1086 3561 habenda
1114 3498 1223 3558 est.
1300 3492 1438 3558 Hoc
1458 3495 1706 3558 interest
1730 3499 1858 3572 tua,
1876 3499 2114 3577 tuoeque
2140 3492 2332 3572 famae,
2364 3499 2426 3558 et
2455 3494 2664 3578 gloriae
2687 3495 2786 3560 cui

411 3583 750 3669 reipublicae
771 3581 1235 3668 gubernaculum
1254 3580 1641 3665 permittitur-3
1670 3579 1787 3644 hoc
1804 3579 2048 3643 interest
2063 3579 2366 3662 religionis
2383 3587 2620 3646 nostrae.
2646 3581 2786 3647 Hoc

411 3691 543 3735 mea
568 3671 834 3748 interest,
865 3669 970 3768 qui
997 3690 1135 3733 cum
1184 3665 1552 3752 paucissimis
1601 3665 1731 3732 aliis
1758 3663 1994 3730 Ibernis
2020 3686 2268 3729 veneror
2302 3667 2526 3752 regiam
2553 3665 2786 3754 religio-

410 3779 569 3822 nem.
682 3754 819 3820 Hoc
872 3761 1119 3820 interest
1175 3751 1565 3839 singulorum,
1624 3751 1729 3837 qui
1777 3750 2024 3817 eandem
2071 3752 2442 3837 profitentur,
2494 3755 2790 3840 praecipue

410 3844 569 3930 regis
597 3843 703 3929 qui
729 3841 1029 3926 religionis
1055 3840 1255 3927 hujus,
1297 3839 1509 3904 harum
1554 3837 2065 3916 dominationmm,
2109 3845 2496 3925 nostrumque
2524 3842 2791 3906 omnium

413 3935 613 4016 caput,
643 3927 935 4028 princeps,
965 3924 1643 4027 atque-propugaculum
1688 3929 1800 4003 est,
1851 3945 1930 3990 ne
1955 3924 2308 4024 reipublicae·
2324 3935 2784 4044 oppugnatores,

411 4037 678 4181 ³⁰33:
704 4013 1185 4167 Sffffifflffi
1211 4008 2312 4197 fflzffiffizssssohgbfflsmffl
2261 4035 2374 4179 Ὗ,
2377 4036 2562 4186 ἷξὲμ
2589 4111 2790 4169 tamen

414 4197 475 4256 et
502 4189 675 4254 utilia
718 4186 1022 4268 suadebat,
1074 4207 1265 4273 eoque
1310 4185 1491 4251 altius
1538 4185 1605 4249 in
1651 4207 1918 4271 protegis
1967 4185 2232 4250 animum
2275 4187 2597 4270 descendit,
2629 4190 2792 4277 quod

412 4299 571 4356 eum,
615 4275 712 4340 vel
758 4273 1121 4361 negligentia
1169 4279 1231 4338 et
1278 4271 1575 4360 imperitia
1620 4271 1961 4356 reipublicae
2009 4273 2399 4358 capessendae,
2429 4276 2525 4341 vel
2566 4277 2794 4344 saevitia

413 4371 621 4432 notare
647 4359 977 4428 videbatur.
1062 4360 1277 4446 Itaque
1322 4359 1431 4438 ira,
1482 4365 1543 4424 et
1592 4357 1728 4424 odio
1772 4359 2034 4446 percitus
2074 4357 2369 4445 injuriam,
2401 4381 2581 4446 quam
2607 4364 2796 4432 libera

414 4451 647 4517 comitis
660 4449 939 4516 'oratione
966 4447 1081 4514 sibi
1107 4447 1331 4512 illatam
1381 4443 1675 4524 credebat,
1704 4467 1811 4532 per
1838 4444 2044 4512 dolum
2073 4445 2278 4512 ulcisci
2308 4449 2570 4530 molitur,
2599 4450 2795 4518 verbis

414 4537 505 4602 illi
532 4537 749 4623 gratias
777 4557 961 4622 agens
986 4557 1095 4622 pro
1122 4532 1389 4611 consilio,
1420 4531 1525 4597 sed
1552 4532 1749 4598 animo
1778 4532 2067 4618 ooffl‘tans,
2098 4533 2596 4617 quemadmodum
2637 4559 2808 4604 mor--

415 4629 537 4688 tem
564 4625 825 4703 inferret,
856 4623 1141 4709 scyphum
1170 4619 1294 4684 vini
1321 4619 1565 4705 plenum
1590 4617 1682 4684 illi
1709 4619 1987 4705 propinat
2013 4619 2080 4684 in
2107 4620 2263 4706 grati
2290 4622 2473 4688 animi
2503 4625 2794 4711 significa-

418 4709 657 4790 tionem,
706 4709 1045 4794 volentique
1086 4705 1291 4773 bibere
1333 4726 1628 4771 venenum
1656 4705 1799 4772 satis
1848 4703 2110 4774 validum
2157 4704 2301 4772 vino
2345 4707 2496 4776 elam
2553 4713 2796 4780 miscere

422 4795 603 4861 fertur
650 4797 984 4883 imperasse.
1093 4793 1277 4866 Quod
1328 4815 1525 4859 comes
1570 4791 1719 4858 nihss
1768 4789 1998 4858 adversi
2048 4793 2280 4874 timens,
2339 4804 2578 4886 propter
2634 4801 2808 4870 sitim.
