3634 5842
877 736 961 798 96
1311 732 1728 798 o'sunnnvam
1761 750 2078 799 msa-onus
2124 748 2513 807 carnomcss,
2556 748 2685 793 'rou
2731 748 2806 792 11.
2992 726 3146 807 [1213.
3192 746 3281 791 1v.

923 906 1244 991 rincipatu,
1302 906 1593 993 oppidum
1650 906 1845 971 Feuro
1895 904 2053 969 lacui
2072 904 2389 969 imminens
2412 901 2567 967 sedis
2597 900 2947 1001 episcopalis
2994 900 3138 967 Divi
3166 900 3286 966 Co-

880 928 1106 1057 fumbae
1159 994 1514 1079 patrocinio,
1571 992 1932 1079 nomineque
1987 990 2248 1070 clarum3
2294 1010 2551 1075 namque
2578 986 2724 1053 Dirc
2758 986 2983 1053 Colum
3012 986 3193 1066 Kelli,
3216 988 3281 1053 id

886 1085 999 1159 est,
1029 1078 1237 1145 Lucus
1293 1079 1603 1145 Columbae
1653 1079 1815 1145 cellae
1846 1084 2245 1164 nuncupatur.
2334 1076 2415 1142 In
2442 1098 2513 1141 eo
2543 1075 2764 1163 oppido
2794 1075 3067 1161 dispositi
3094 1074 3285 1160 Angli

888 1166 1152 1231 haeretici
1179 1168 1451 1233 homines
1491 1173 1700 1232 contra
1729 1164 2051 1231 O’Donelli
2078 1164 2447 1230 voluntatem
2474 1168 2537 1228 et
2562 1162 2897 1248 imperium,
2950 1162 3283 1227 sacerdotes

893 1260 954 1317 et
982 1252 1291 1339 religiosos
1320 1255 1551 1340 fugant,
1583 1276 1747 1318 sacra
1794 1258 1915 1317 tem
1958 1252 2019 1316 la
2035 1251 2349 1329 invadunt,
2379 1251 2447 1315 in
2491 1271 2669 1315 unam
2700 1249 3005 1315 ecclesiam
3032 1248 3280 1335 sulphu-

893 1361 1063 1405 reum
1090 1342 1416 1426 pulverem,
1435 1340 1743 1427 plumbeas
1771 1339 1911 1426 glan
1956 1361 2039 1418 es,
2066 1337 2517 1404 bombardicum
2545 1337 2769 1415 funem,
2800 1335 3053 1421 sclopos,
3061 1336 3280 1415 hastas,

893 1434 1252 1513 eoeterasque
1280 1428 1646 1493 munitiones
1695 1426 1983 1493 custodiae
2011 1448 2189 1491 causa
2214 1426 2513 1490 inserunt:
2558 1425 2626 1488 in
2642 1424 2773 1489 aliis
2793 1424 3101 1488 haereticos
3128 1424 3283 1487 ritus

891 1512 1166 1592 Lutlieri,
1195 1514 1446 1594 Calvini,
1487 1528 1550 1580 et
1589 1515 1843 1580 aliorum
1872 1512 1935 1578 id
1964 1534 2153 1599 genus
2181 1512 2493 1577 hominum
2520 1511 2891 1597 impurorum
2930 1517 3225 1595 peragunt
3255 1536 3272 1573 ε

891 1601 1117 1666 nullam
1164 1625 1290 1667 non
1339 1602 1570 1667 scelesti
1621 1606 1932 1667 temerant.
2020 1600 2208 1685 Cujus
2236 1597 2454 1684 piaculi
2510 1619 2745 1685 paenam
2774 1596 2966 1662 Divus
2986 1596 3283 1662 Columba

893 1687 977 1771 (is
1035 1689 1194 1754 enim
1236 1688 1518 1773 ereditur)
1569 1686 1812 1754 minime
1872 1685 2143 1752 distulit:
2189 1709 2329 1751 nam
2354 1690 2523 1750 tenet
2547 1685 2705 1750 fama
2748 1691 3026 1750 constans
3054 1684 3285 1769 indige-

891 1796 1124 1854 narum,
1182 1776 1394 1863 lupum
1440 1798 1684 1862 corpore
1733 1782 1987 1853 vastum,
2019 1772 2275 1860 pilisque
2314 1772 2613 1837 hirsutum
2642 1794 2674 1836 e
2703 1772 2987 1857 proximis
3030 1770 3195 1836 silvis
3215 1772 3284 1836 in

727 1884 875 1951 [83.]
895 1862 1182 1948 oppidum
1224 1861 1518 1949 intrepide
1567 1863 1957 1945 venientem,ss
2024 1860 2435 1945 officinamque
2475 1859 2777 1924 ferrariam
2802 1859 3137 1945 ingressum
3180 1880 3283 1923 ore

895 1948 1160 2015 hausisse
1187 1971 1464 2036 magnam
1493 1950 1614 2014 vim
1641 1948 1878 2014 illarum
1910 1946 2301 2013 scintillarum
2330 1968 2462 2031 quae
2506 1968 2581 2010 ex
2608 1946 2762 2011 ferro
2792 1945 3100 2024 candente,
3134 1945 3281 2010 dum

889 2035 1187 2115 tunditur,
1247 2037 1621 2116 emittuntur,
1679 2057 1897 2120 easque
1937 2036 2273 2119 ingressum
2323 2034 2387 2097 in
2416 2033 2627 2112 oedem,
2678 2034 2747 2098 in
2774 2035 2892 2117 qua
2920 2029 3275 2117 sulphuffeus

887 2122 1085 2207 pulvis
1113 2129 1238 2189 erat
1266 2123 1590 2189 collocatus
1611 2122 1961 2200 evomuisse,
1984 2120 2405 2207 pulveremque
2426 2127 2487 2185 et
2515 2126 2711 2185 totum
2738 2119 3029 2204 templum
3076 2142 3281 2185 acoen-

887 2208 1063 2273 disse.
1149 2208 1338 2295 Cujus
1355 2211 1440 2275 rei
1461 2208 1788 2295 periculum
1820 2209 1942 2273 veri
1964 2230 2076 2294 ego
2106 2208 2180 2272 ad
2210 2230 2308 2271 me
2334 2229 2463 2271 non
2490 2207 2731 2293 recipi0.
2820 2206 3013 2273 Penes
3040 2208 3276 2285 famam,

886 2304 1262 2383 veteremque
1289 2296 1670 2362 traditionem
1729 2302 1857 2360 esto
1886 2294 2052 2359 fides.
2142 2292 2325 2373 Illud,
2374 2294 2534 2378 quod
2560 2295 2718 2359 inter
2747 2316 2953 2359 omnes
2980 2294 3278 2371 convenit,

886 2381 1078 2447 audeo
1117 2384 1481 2461 confirmare,
1529 2383 1819 2447 nitratum
1848 2381 2149 2467 pulverem
2168 2380 2370 2446 subito
2400 2380 2791 2467 conflagrasse
2807 2381 2873 2461 3*
2915 2380 3146 2467 Anglos
3177 2382 3281 2465 qui

885 2476 1057 2534 erant
1112 2471 1178 2534 in
1235 2470 1484 2537 eeclesia
1510 2469 1922 2547 combussisse,
1954 2470 2175 2553 quique
2218 2468 2441 2533 circum
2470 2468 2773 2533 ecclesiam
2804 2467 3278 2546 deambulabant,

885 2556 1094 2641 ignitis
1123 2558 1343 2644 tegulis
1372 2580 1682 2644 percussos
1729 2556 2027 2621 exanimes
2045 2555 2369 2635 cecidisse3
2416 2555 2524 2640 qui
2551 2555 2645 2619 vel
2672 2554 2832 2621 oedes
2855 2555 3277 2639 circumjectas,

887 2642 984 2709 vel
1011 2644 1078 2709 in
1131 2644 1329 2710 lacum
1356 2646 1695 2731 proximum
1752 2642 2084 2729 fugiebant,
2128 2642 2347 2728 tegulis
2390 2642 2776 2727 sequentibus
2804 2643 3031 2707 occisos
3074 2642 3275 2720 fuisse,

887 2753 958 2796 ac
999 2732 1320 2797 nonnullos
1352 2732 1694 2819 quingentis
1731 2729 2007 2817 passibus
2053 2728 2128 2795 ab
2160 2730 2381 2815 oppido
2412 2736 2627 2793 stratos
2650 2756 2669 2809 3
2714 2736 2775 2794 et
2802 2730 2887 2794 ita
2926 2728 3146 2794 Iberno
3176 2750 3277 2793 ne-

885 2818 1047 2884 mine
1073 2818 1236 2899 loem,
1325 2819 1664 2885 Bandalum
1691 2840 1827 2883 cnm
1874 2818 2267 2903 septingentis
2294 2816 2511 2901 Anglis
2538 2814 2750 2881 misere
2777 2815 3037 2903 periisse,
3068 2822 3281 2902 praeter

887 2928 1110 2991 paucos
1139 2906 1322 2973 cladis
1357 2908 1630 2986 nunciOS,
1655 2905 1760 2992 qui
1788 2904 1865 2970 ad
1893 2904 2125 2991 Anglos
2156 2925 2296 2969 suos
2324 2903 2539 2969 reversi
2558 2904 2804 2968 exitium
2836 2902 3047 2989 gentili
3076 2909 3137 2969 et
3150 2903 3278 2967 eth-

888 2994 1023 3057 nico
1080 3016 1246 3059 more
1273 2994 1607 3059 referebant
1635 2994 1730 3058 his
1758 2991 1972 3057 verbis.
2064 2998 2107 3027 “
2122 2991 2379 3057 Ibernus
2408 2990 2575 3056 Deus
2604 2990 2896 3055 Columba
2931 3013 3044 3056 nos
3073 3012 3278 3055 omnes

886 3080 1250 3144 interfecit.'’
1336 3080 1436 3145 En
1457 3080 1720 3146 haeretici
1736 3078 1973 3145 barbari
1988 3077 2167 3143 verba
2194 3076 2561 3157 effutiebant,
2584 3077 2753 3162 quasi
2784 3077 2987 3143 Iberni
3018 3077 3279 3143 colerent

888 3163 1117 3229 Divum
1143 3165 1500 3231 columbam
1527 3189 1638 3255 pro
1687 3166 1822 3231 Deo
1852 3172 1913 3229 et
1942 3188 2066 3229 non
2092 3187 2201 3250 pro
2230 3164 2350 3229 fido
2381 3164 2498 3229 Dei
2542 3187 2731 3243 servo,
2763 3164 2867 3250 qui
2888 3171 3131 3251 propter
3160 3186 3277 3228 ser-

887 3256 1026 3315 vata
1049 3253 1142 3316 sui
1170 3251 1466 3318 Creatoris
1493 3258 1807 3339 praecepta,
1839 3252 2139 3336 vitamque
2170 3257 2433 3316 sanctam
2452 3240 2628 3337 atque
2644 3253 3042 3331 innocentem,
3072 3250 3279 3316 multis

887 3337 1186 3403 miraculis
1213 3339 1386 3404 factis
1411 3341 1478 3405 in
1528 3338 1823 3405 Divorum
1851 3344 2072 3403 coetum
2102 3343 2193 3403 est
2220 3338 2457 3417 relatus,
2486 3340 2775 3423 vivusque
2805 3338 3006 3404 divino
3036 3339 3278 3403 numine

885 3424 1128 3491 inflatus
1156 3426 1312 3491 hanc
1338 3425 1549 3493 urbem
1577 3432 1841 3492 sanctam
1868 3424 2144 3510 proevidit
2178 3424 2252 3491 ab
2274 3424 2564 3490 haereticis
2584 3426 2767 3490 fuisse
2781 3425 3134 3491 violandam.
3180 3424 3277 3489 Ob

889 3511 1052 3597 quod
1099 3512 1236 3577 cum
1293 3514 1527 3598 ingenti
1592 3535 1839 3578 maerore
1886 3512 2128 3577 affectus
2186 3520 2360 3590 esset,
2412 3534 2447 3577 a
2506 3511 2780 3578 Bathano
2809 3513 2991 3591 soci0,
3020 3512 3277 3577 tristitiae

888 3621 1125 3664 causam
1181 3607 1447 3686 rogatus,
1507 3606 1551 3639 “
1567 3622 1772 3685 angor,
1832 3599 2031 3683 inquit
2080 3599 2387 3664 Bathane!
2434 3598 2767 3664 Bandalum
2799 3622 2926 3665 esse
2966 3601 3033 3664 in
3075 3597 3275 3663 luco‚'’

889 3685 1073 3757 Quod
1127 3688 1474 3753 vaticinium
1502 3688 1718 3753 litteris
1747 3686 2112 3765 mandatum,
2142 3685 2247 3750 sed
2274 3686 2456 3771 longo
2485 3686 2836 3751 saeculorum
2881 3709 3008 3752 aevo
3036 3708 3160 3750 non
3186 3688 3275 3750 in-

885 3773 1191 3840 tellectum
1253 3776 1327 3840 de
1363 3776 1479 3841 hoc
1529 3774 1799 3841 Bandalo
1830 3772 2168 3858 Anglorum
2218 3773 2519 3858 praefecto,
2573 3772 2729 3838 clare
2758 3774 2901 3838 satis
2932 3772 3277 3859 explicatur,

886 3860 1300 3928 O'Donnellus
1350 3885 1587 3949 quoque
1627 3863 1733 3948 qui
1759 3860 2103 3926 catholicus
2128 3860 2196 3925 in
2224 3859 2511 3947 oppidum
2538 3866 2809 3926 sanctum
2852 3859 3161 3927 haereticos
3186 3860 3275 3924 in·

887 3945 1060 4011 duxit
1088 3971 1250 4015 sacra
1307 3952 1779 4015 contaminantes
1809 3948 1970 4013 haud
2002 3968 2131 4012 sero
2160 3946 2371 4032 dignas
2386 3970 2587 4033 paenas
2608 3947 2909 4033 pependit.
2998 3946 3277 4031 Namque

886 4033 1094 4099 deletis
1121 4035 1215 4099 his
1247 4036 1480 4121 Anglis‚
1511 4058 1648 4101 cum
1669 4056 1956 4122 magnum
1998 4033 2305 4099 clientium
2328 4056 2573 4099 suorum
2602 4035 2926 4099 exercitum
2954 4034 3020 4099 in
3050 4032 3275 4099 O'Nel-

882 4121 1012 4185 lum
1063 4122 1324 4202 duceret,
1356 4130 1416 4187 et
1463 4124 1530 4188 in
1557 4122 1754 4188 medio
1785 4123 1914 4207 ejus
1945 4122 2151 4185 serena
2180 4120 2276 4185 die
2318 4121 2492 4186 loetus
2520 4130 2582 4187 et
2602 4120 2827 4187 viribus
2858 4120 3089 4186 validus
3118 4122 3275 4185 ince-

885 4208 1068 4287 deret,
1099 4208 1297 4274 subito
1340 4209 1496 4275 malo
1524 4230 1762 4295 pressus
1788 4206 2073 4273 exanimis
2092 4229 2247 4292 equo
2276 4209 2562 4281 corruit.†
2648 4208 2749 4274 Illi
2779 4209 3061 4273 successit
3090 4208 3277 4291 Hugo

883 4294 1300 4361 O'Donnellus
1347 4296 1546 4372 frater,
1594 4317 1730 4360 cum
1761 4315 1885 4380 quo
1916 4293 2213 4358 O'Nellus
2231 4316 2357 4360 non
2376 4297 2577 4361 minus
2605 4296 2786 4381 quam
2813 4317 2953 4361 cum
2995 4294 3276 4361 defuncto

880 4382 1222 4449 inimicitias
1251 4405 1528 4463 exercens
1554 4383 1861 4448 instructis
1878 4380 2215 4467 agminibus
2243 4382 2413 4448 illum
2441 4384 2645 4469 paucis
2668 4381 3055 4469 stipatoribus
3082 4380 3275 4447 muni-

955 4588 989 4623 *
1026 4584 1143 4637 The
1167 4585 1524 4661 ammunition
1549 4585 1683 4639 took
1725 4585 1844 4647 fire,
1870 4584 2033 4657 April
2064 4587 2219 4649 1566,
2239 4586 2349 4640 and
2384 4585 2521 4639 blew
2547 4604 2621 4658 up
2646 4585 2739 4640 the
2762 4593 2911 4640 town
2936 4585 3046 4639 and
3070 4584 3184 4639 fort
3221 4585 3286 4639 of

881 4652 1356 4797 {figggblefftidi-ffl’
1379 4657 1677 4727 according
1694 4664 1754 4710 to
1793 4657 1935 4720 Cox,
1959 4654 2086 4727 only
2110 4660 2181 4709 20
2206 4674 2329 4709 men
2354 4656 2420 4710 of
2435 4657 2528 4711 the
2554 4658 2660 4717 700
2696 4658 2752 4711 in
2776 4657 3031 4728 gari-ison
3057 4675 3073 4711 ε
3110 4665 3207 4710 not
3244 4674 3276 4711 a

959 4792 996 4853 ‘l'
1033 4799 1104 4849 A.
1135 4796 1209 4848 D.
1243 4798 1630 4852 mcc-Fom-
1659 4799 1918 4852 Masten.
