3634 5842
881 683 1005 746 326
1325 679 1741 748 o'sunmvsm
1788 700 2100 748 msa-cnm.
2141 700 2529 760 carnencas,
2556 701 2706 748 rou.
2735 701 2820 745 ιν.
3011 681 3170 766 [us.
3189 701 3266 748 11.

881 865 1145 902 summam
1168 845 1255 900 his
1277 847 1563 902 hominbus
1588 846 1643 900 in
1666 848 1778 902 suis
1800 849 1946 906 ausis
1969 847 2188 918 injustis
2205 845 2533 905 sustinendis
2550 845 2967 908 contribuerint,
2986 863 3096 916 quo
3118 843 3268 900 istud

880 935 1111 990 regnum
1147 925 1399 972 nostrum
1439 917 1617 972 multe
1660 919 1952 1002 pauperius
1989 926 2074 972 est
2112 918 2400 975 effectum:
2437 935 2668 988 cumque
2710 917 2792 972 ita
2827 933 2916 970 res
2954 915 3174 984 habeat,
3197 925 3266 971 ut

880 989 1152 1045 nonmodo
1178 996 1391 1042 constet
1413 988 1751 1059 apertissime
1765 991 2022 1060 jesuitas,
2047 989 2379 1044 Sacerdotes
2415 988 2802 1053 semina-istas,
2828 996 2884 1044 et
2909 987 3042 1042 alios
3068 987 3268 1042 Sacer-

880 1061 1035 1117 dotes
1058 1059 1237 1114 aliena
1258 1067 1528 1144 potestate
1552 1061 1836 1116 ordinibus
1861 1061 2106 1116 initiatos
2132 1060 2252 1144 (qui
2291 1060 2573 1130 superiore
2596 1065 2785 1114 nostro
2819 1059 3000 1114 edicto
3025 1051 3267 1124 condito,

879 1138 938 1184 et
960 1130 1240 1202 divulgato
1263 1147 1320 1184 m
1345 1131 1451 1184 isto
1474 1137 1665 1185 nostro
1688 1149 1863 1204 regno
1878 1150 2021 1186 anno
2043 1149 2202 1202 regni
2225 1131 2402 1184 nostri
2425 1130 2483 1184 in
2507 1130 2728 1202 Anglia,
2746 1129 2946 1194 Gallia,
2965 1138 3025 1184 et
3047 1127 3268 1186 Ibernia

876 1201 1066 1263 tertie,
1080 1202 1137 1256 in
1156 1201 1344 1257 Scotia
1366 1219 1517 1264 vero,
1540 1201 1825 1274 trigesimo
1849 1221 2014 1266 nono,
2038 1220 2069 1257 e
2091 1209 2397 1256 memorato
2413 1219 2585 1273 regno
2605 1201 2900 1264 discedere,
2919 1219 3020 1256 nec
3035 1195 3266 1273 amplius

878 1289 1214 1343 comparere,
1240 1273 1440 1335 redire,
1465 1280 1564 1329 aut
1584 1274 1770 1328 venire
1804 1274 2100 1343 debebant)
2119 1272 2512 1336 inobedientiis,
2531 1280 2586 1326 et
2603 1280 2947 1352 contemptus
2963 1271 3267 1328 cuiusmodi

874 1343 1203 1398 mentionem
1228 1342 1475 1406 fecimus,
1500 1344 1757 1398 authores
1779 1345 2044 1408 extitisse,
2085 1343 2182 1397 sed
2220 1343 2389 1414 ijdem
2423 1341 2789 1397 verisimiliter
2831 1343 2951 1396 fore
2974 1342 3266 1398 videantur

874 1413 1145 1470 maiorum
1169 1414 1437 1468 scelerum
1452 1415 1885 1484 concinnatores,
1904 1416 1952 1471 si
1965 1414 2174 1488 possint
2196 1414 2252 1468 in
2275 1414 2382 1468 isto
2403 1432 2436 1467 r
2543 1431 2577 1468 o
2599 1431 2949 1486 permanerex
2972 1421 3268 1485 propterea

874 1503 975 1539 nos
996 1485 1087 1539 hic
1112 1486 1471 1552 declaramus,
1493 1493 1550 1539 et
1570 1486 1984 1560 promulgamus
2007 1485 2164 1540 nobis
2207 1503 2321 1540 esse
2366 1432 2724 1540 deffiratum
2747 1493 2912 1557 atque
2933 1485 3104 1540 fixum
3127 1497 3261 1540 nnn·

875 1573 1039 1627 quam
1079 1557 1242 1613 alicui
1284 1555 1565 1629 Religioni
1602 1574 1879 1612 assensum
1903 1558 2164 1630 prebere,
2187 1557 2418 1610 ulliusve
2453 1556 2758 1628 Religionis
2780 1559 2921 1611 ritus
2955 1556 3266 1621 admittere,

874 1626 962 1680 vel
986 1637 1271 1699 acceptare
1293 1635 1501 1699 proeter
1538 1627 1705 1694 illam,
1730 1645 1855 1700 qum
1893 1629 2062 1684 verbo
2106 1627 2214 1682 Dei
2239 1627 2514 1699 congruit,
2539 1637 2596 1681 et
2623 1627 2731 1681 iam
2757 1636 2841 1681 est
2863 1627 2920 1684 in
2943 1627 3052 1681 isto
3075 1635 3265 1682 nostro

873 1715 1047 1784 regno
1070 1699 1283 1772 legibus
1306 1699 1530 1754 sancita.
1608 1699 1788 1764 Quam
1829 1700 2049 1785 quidem
2085 1699 2142 1752 in
2186 1697 2570 1770 omnipotentis
2595 1698 2701 1752 Dei
2724 1697 3007 1762 honorem,
3031 1705 3092 1752 et
3113 1695 3266 1754 obse-

876 1787 1060 1841 quium
1087 1769 1442 1840 frequentari,
1467 1777 1523 1824 et
1558 1773 1865 1826 executiom
1901 1770 2152 1826 mandari
2193 1770 2370 1841 palam
2408 1770 2752 1840 imperamus.
2831 1769 3266 1824 Pronunciamus

875 1841 1059 1906 etiam,
1094 1841 1457 1914 divulgamus,
1490 1849 1547 1896 et
1584 1842 1970 1913 expandimus„
1998 1849 2186 1912 estque
2224 1841 2476 1895 voluntas
2499 1847 2690 1895 nostra
2711 1840 2882 1924 regia,
2903 1848 2964 1894 et
2984 1840 3265 1898 decretum

875 1919 941 1965 ut
979 1928 1163 1966 omnes
1204 1912 1452 1984 predicti
1494 1913 1659 1966 titulo
1696 1913 2129 1997 Archiepiscopi,
2153 1911 2442 1996 Episcopi,
2471 1911 2698 1974 Decani,
2724 1911 2935 1982 Vlcarij
2959 1909 3266 1982 generales,

868 1981 1105 2053 jesuitae,
1146 1983 1398 2046 Fratres,
1444 1983 1773 2038 Sacerdotes
1794 1984 2171 2046 seminaristae,
2197 1990 2255 2036 et
2295 1981 2388 2036 alii
2432 1982 2757 2037 Sacerdotes
2791 1983 2848 2038 in
2887 1977 3264 2038 transmarinis

876 2053 1179 2108 seminariis
1204 2054 1441 2120 educati,
1467 2063 1523 2108 et
1547 2055 1887 2109 authoritate
1912 2055 2096 2126 aliqua
2117 2072 2152 2109 a
2177 2052 2322 2107 Sede
2357 2055 2544 2108 Romoe
2569 2053 2834 2120 derivata,
2859 2052 2945 2108 vel
2970 2052 3266 2108 derivanda

876 2123 1189 2196 inaugurati
1214 2133 1341 2209 ante
1364 2125 1511 2208 diem
1530 2125 1784 2178 ultimum
1802 2127 2001 2178 mensis
2019 2124 2355 2207 Septembris
2416 2124 2625 2208 roxime
2649 2123 2915 2208 futuri-ex
2937 2124 3044 2208 isto
3069 2129 3262 2208 nostr?

672 2205 857 2278 [Μ]
878 2195 1319 2337 ’ἐτᾙὲεῗῗθᾞζ
1338 2193 2936 2334 οξῗῗῖἒὲἴέἓ·ὲεῗξοὲἳᾞῑῃὲἓέειὲἳωὲξὲῖᾞζᾌῗῧῧο
2973 2193 3262 2320 2:0¹2„ae

875 2335 1181 2392 habeantur
1205 2337 1381 2390 alieno
1404 2337 1479 2390 im
1548 2335 1634 2390 rio
1716 2336 2137 2393 uemadmodum
2156 2335 2591 2390 demonstratum
2615 2339 2724 2407 est)
2743 2336 2813 2390 ad
2837 2353 3022 2392 sacros
3044 2331 3262 2392 ordines

873 2406 1114 2478 promoti
1138 2415 1262 2479 post
1296 2407 1442 2462 hunc
1468 2353 1611 2462 <ligna
1635 2425 1669 2461 a
1728 2407 1880 2462 istud
1901 2414 2151 2460 nostrum
2174 2424 2405 2478 regnum
2423 2407 2646 2462 veniant
2667 2408 2754 2462 vel
2775 2409 3003 2464 redeant
3018 2403 3102 2460 vel
3119 2403 3176 2460 in
3193 2424 3259 2462 eo

874 2486 1241 2548 compareant.
1292 2478 1403 2543 Qui
1418 2495 1552 2533 vero
1569 2496 1725 2533 secus
1740 2477 1938 2533 fecerit
1960 2477 2015 2530 in
2031 2476 2418 2561 indignationis
2432 2485 2634 2532 nostroe
2648 2495 2850 2549 poenas,
2861 2487 2918 2532 et
2937 2477 3036 2532 alis
3059 2477 3260 2531 coerci-

874 2548 1279 2622 tioneslegibus,
1304 2561 1360 2604 et
1384 2549 1650 2604 institutis
1682 2550 1841 2603 istius
1865 2548 2024 2621 regni
2038 2548 2340 2619 justissime
2376 2549 2698 2620 irrogandas
2715 2548 2938 2603 incidat.
2987 2547 3262 2632 Significa-

874 2637 995 2674 mus
1005 2639 1237 2694 quoque,
1246 2620 1622 2706 patefacimus,
1636 2628 1693 2675 et
1702 2620 1990 2682 sancimus,
2002 2629 2064 2674 ut
2079 2620 2124 2673 si
2143 2618 2354 2690 aliquis,
2367 2620 2675 2690 quiArchie
2711 2619 2945 2692 isccpus,
2956 2619 3162 2691 Epi-oo
3199 2637 3262 2674 us

873 2690 1149 2758 Decanus,
1186 2692 1443 2747 Vicat-ius
1467 2693 1756 2764 generalis,
1780 2691 2014 2754 Jesuita,
2053 2690 2276 2754 Frater,
2313 2691 2656 2746 seminarista
2719 2691 2966 2754 acerdos,
3001 2695 3100 2747 aut
3179 2691 3264 2748 ‘us

876 2762 1147 2818 Sacerdos
1168 2763 1456 2826 habeatur,
1490 2763 1826 2818 authoritate
1861 2763 2038 2817 aliena
2065 2761 2232 2831 (sicut
2269 2770 2355 2816 est
2391 2762 2746 2834 explicatum)
2770 2769 3118 2818 consecratus
3141 2771 3264 2834 post

872 2839 1145 2888 statutum
1168 2835 1310 2890 diem
1338 2834 1675 2906 Septembris
1697 2834 1953 2888 ultimum
1989 2833 2048 2887 in
2088 2833 2196 2888 isto
2232 2840 2422 2886 nostro
2445 2851 2616 2906 regno
2659 2841 2851 2906 sponte
2890 2832 3171 2896 manserit,
3205 2834 3262 2890 in

876 2905 1098 2970 illudve,
1158 2923 1255 2959 seu
1312 2904 1369 2959 in
1430 2904 1729 2976 quamlibet
1786 2905 1934 2959 illius
1992 2911 2206 2975 partem
2247 2921 2498 2958 reversus
2556 2903 2663 2958 fuit
2723 2910 2820 2960 ant
2876 2901 3106 2966 venerit,
3165 2915 3262 2958 aut

879 2975 925 3029 si
975 2976 1169 3048 aliquis
1228 2985 1551 3031 nostrorum
1608 2975 1952 3029 subditorum
2013 2975 2188 3029 ullum
2246 2975 2546 3030 eorundem
2611 2975 2704 3046 qui
2762 2973 3259 3047 Archiecopiscopi,

875 3046 1159 3131 Episcopi,
1183 3047 1412 3110 Decani,
1435 3045 1648 3116 Vicarij
1690 3045 1990 3118 generales,
2009 3045 2248 3112 Jesuitoe,
2271 3046 2518 3108 Fratres,
2551 3046 2900 3102 seminat-istus
2923 3046 3260 3110 Sacerdotes,

877 3126 975 3172 aut
1033 3118 1125 3172 ahi
1185 3117 1507 3174 Sacerdotes
1567 3117 1835 3188 dignitate
1893 3125 2277 3188 nuncupentur
2338 3134 2436 3188 per
2495 3117 2725 3171 alienam
2772 3117 3259 3189 inaugurationem,

877 3195 942 3243 ut
1000 3189 1207 3243 dictum
1267 3194 1351 3242 est
1402 3187 1685 3242 ordinibus
1758 3187 2080 3258 insignitum
2139 3195 2334 3242 contra
2391 3194 2629 3242 mentem
2707 3195 2908 3243 nostras
2979 3187 3257 3260 praesentis

872 3259 1225 3332 pragmaticas
1260 3259 1548 3330 receperit,
1584 3266 1681 3312 aut
1726 3257 1948 3324 ferierit,
1980 3267 2114 3312 tunc
2155 3259 2355 3330 singuli
2394 3259 2570 3313 nostri
2605 3258 3019 3330 gubernatores,
3065 3277 3256 3313 execu-

870 3339 1040 3394 tores,
1065 3327 1301 3399 judices,
1334 3329 1580 3383 vicorum
1613 3329 1880 3400 praefecti,
1916 3329 2296 3395 comistabiles,
2333 3337 2390 3383 et
2429 3329 2519 3398 alij
2559 3329 2736 3384 nostri
2777 3330 2894 3384 fidi·
2913 3329 3116 3385 subditi
3157 3347 3258 3402 per

867 3400 1018 3458 istud
1039 3409 1289 3455 nostrum
1310 3417 1543 3472 regnum
1566 3401 1713 3454 omni
1736 3399 1982 3454 adhibita
2022 3399 2304 3473 diligentia
2341 3407 2606 3461 conentur
2649 3418 2844 3472 capere
2881 3400 3256 3471 hujuscemodi

865 3489 1124 3544 personas
1148 3471 1356 3525 seilicet
1394 3471 1612 3526 nomine
1635 3470 2110 3542 Archiepiscopos,
2159 3471 2209 3524 E
2253 3471 2483 3544 iscopos,
2505 3471 2778 3539 Decanos,
2804 3471 3059 3527 Vicarios
3169 3491 3258 3528 ne-

865 3546 1029 3608 rales,
1050 3543 1311 3606 Jesuitas,
1345 3541 1593 3609 Fratres,
1627 3542 1998 3597 seminaristas
2043 3543 2213 3596 Sacer
2253 3551 2389 3605 otes,
2427 3551 2484 3596 et
2531 3542 2666 3597 alios
2711 3541 3038 3599 Sacerdotes
3085 3562 3118 3599 a
3141 3543 3260 3598 'ena

864 3623 1135 3688 potestate
1158 3614 1398 3676 effectos,
1433 3621 1491 3667 et
1514 3631 1718 3676 omnes,
1754 3620 1809 3667 et
1835 3613 2078 3685 singulos
2113 3631 2303 3667 eorum
2326 3613 2382 3668 in
2407 3621 2718 3685 angustum,
2733 3611 3110 3686 munitumque
3140 3631 3256 3668 car-

864 3705 1043 3742 cerem
1068 3685 1359 3756 conjicere,
1393 3690 1459 3738 ut
1479 3692 1666 3738 noster
1692 3683 1928 3748 Prorex,
1963 3690 2061 3739 aut
2093 3684 2188 3738 alii
2211 3684 2441 3755 quilibet
2477 3684 2894 3756 gubernatores,
2930 3696 3028 3739 aut
3061 3685 3257 3758 guber-

864 3767 1044 3822 nator,
1081 3757 1175 3829 qui
1210 3755 1329 3825 ejus
1352 3773 1577 3810 munere
1595 3755 1880 3839 fungatur,
1912 3755 2121 3826 possint
2145 3773 2272 3809 cum
2295 3755 2696 3810 consultatione
2714 3755 2890 3810 nostri
2910 3755 3034 3810 istic
3049 3756 3256 3810 consilii

864 3829 1162 3884 secundum
1171 3825 1464 3898 justitiam,
1489 3833 1547 3879 et
1570 3826 1811 3880 crimmis
1829 3833 2084 3880 naturam
2108 3827 2166 3880 in
2187 3825 2312 3884 illos
2337 3825 2790 3880 animadvertere.
2865 3825 3080 3880 Verum
3115 3827 3256 3882 enim

863 3919 996 3955 vero
1031 3899 1368 3970 indulgetur,
1388 3904 1453 3950 ut
1470 3897 1516 3950 si
1542 3896 1735 3968 aliquis
1759 3897 2034 3951 dictorum
2059 3897 2220 3952 titulo
2247 3896 2818 3968 Archiepiscoporum,
2841 3897 3260 3970 Episcoporum,

863 3973 1234 4036 Decanorum,
1260 3967 1615 4022 vicariorum
1635 3968 1994 4039 generalium,
2011 3967 2367 4030 Jesuitarum,
2383 3967 2676 4040 Fratrum,
2685 3965 3150 4024 seminaristarum
3167 3969 3258 4026 sa-

863 4043 1168 4104 cerdotum,
1185 4039 1273 4093 vel
1296 4039 1529 4094 aliorum
1558 4039 1922 4094 Sacerdotum
1947 4038 2122 4092 alieno
2141 4037 2302 4109 jussu
2327 4039 2498 4108 (sicut
2520 4047 2606 4093 est
2627 4043 3083 4111 comemoratum)
3107 4039 3260 4094 insti-

860 4121 1113 4170 tutorum
1134 4109 1281 4182 apud
1312 4116 1563 4164 nostrum
1588 4109 1912 4182 Proregem,
1937 4116 2034 4164 aut
2056 4126 2329 4164 summum
2353 4110 2399 4163 is
2408 4109 2519 4164 tius
2558 4110 2716 4195 regni
2739 4110 3256 4179 administratorem,

860 4185 1182 4257 praefectum
1190 4182 1361 4237 alicus
1368 4179 1679 4252 provincie,
1689 4180 1775 4234 vel
1784 4180 2020 4250 aliquem
2032 4180 2400 4236 consiliarium
2409 4197 2646 4252 supremi
2657 4189 2876 4237 senatus
2885 4182 2942 4236 in
2951 4182 3058 4236 isto
3068 4189 3255 4236 nostro

861 4275 1033 4331 regno
1050 4262 1179 4310 ante
1194 4261 1463 4307 statutum
1482 4251 1628 4305 diem
1637 4249 1970 4323 Septembris
1986 4251 2240 4306 ultimum
2255 4269 2312 4306 se
2329 4252 2507 4316 sistat,
2523 4252 2609 4306 vel
2623 4252 2773 4306 intra
2785 4252 2920 4308 alios
2934 4271 3128 4308 novem
3143 4253 3256 4308 dies

861 4329 1138 4404 proximos
1178 4325 1237 4379 in
1276 4322 1425 4377 istud
1464 4329 1715 4378 nostrum
1751 4321 1986 4378 Ibernio
2025 4339 2256 4405 regnum
2297 4340 2548 4378 reversus
2591 4331 2921 4395 compareat,
2957 4332 3014 4378 et
3055 4324 3256 4380 nom-is

864 4399 1123 4459 Ecclesiis
1146 4395 1397 4460 assideat,
1434 4410 1631 4464 easque
1652 4394 1761 4448 rite
1776 4392 2088 4465 frequentet
2101 4401 2268 4464 Juxta
2288 4402 2606 4461 nostrarum
2627 4394 2812 4467 legum
2833 4412 3100 4462 normam,
3123 4404 3255 4450 tunc

860 4481 927 4543 ig,
964 4481 1021 4530 ot
1059 4484 1245 4524 omnes
1282 4463 1659 4537 hujuscemodi
1681 4463 2114 4538 Archiepiscoph
2135 4463 2412 4549 Episcopi,
2455 4465 2682 4530 Decani,
2710 4463 2922 4520 vicarii
3065 4467 3257 4530 areles,

860 4546 1105 4608 Jeguitae,
1124 4539 1371 4603 Fratres,
1393 4537 1713 4593 Sacerdotes
1752 4535 2124 4603 seminaristae,
2160 4543 2216 4590 et
2257 4535 2351 4590 alii
2378 4535 2704 4593 Sacerdotes
2727 4536 2927 4601 vocati,
3001 4554 3094 4592 um
3130 4555 3260 4594 con-

862 4619 1055 4675 cordes
1076 4604 1489 4684 permanserint,
1522 4607 1737 4663 valeant
1758 4624 1971 4680 semper
1996 4624 2130 4670 esse,
2165 4614 2224 4662 et
2262 4625 2483 4662 manere
2525 4608 2582 4664 in
2625 4608 2732 4662 istc
2755 4615 2945 4663 nostro
2969 4624 3164 4680 regno,
3199 4609 3256 4664 in

860 4689 999 4748 illud
1032 4703 1105 4739 ue
1124 4680 1346 4747 reverti,
1376 4678 1743 4750 beneficioque
1764 4687 2080 4736 nostrarum
2114 4677 2318 4750 legum,
2336 4686 2393 4732 et
2410 4679 2564 4764 regio
2589 4679 2894 4750 patrocinio
2919 4679 3030 4734 frui
3055 4697 3122 4734 ea
3143 4697 3256 4734 am-

860 4706 1145 4836 plitudine,
1180 4759 1236 4806 et
1257 4750 1453 4814 forma,
1478 4767 1586 4820 qua
1609 4749 1791 4806 caeteri
1819 4749 1993 4806 nostri
2040 4749 2226 4805 fideles
2251 4749 2455 4806 subditi
2479 4750 2587 4806 illis
2609 4751 2870 4823 guadeat.
2949 4749 3162 4806 Datum
3199 4753 3256 4806 in
