3634 5842
377 767 513 814 cai».
546 752 763 837 xv111.]
884 775 969 820 nr:
999 775 1298 826 ρωποι
1325 777 1547 822 Parma
1576 774 2066 822 raasscurroms
2097 775 2376 822 run-cns.
2627 758 2752 820 303

368 922 587 1008 inquit,
616 925 791 992 nobis
816 929 1010 996 honor
1028 929 1298 1008 habetur,
1330 929 1437 1015 qui
1478 927 1936 1015 triumphalibus
1986 927 2256 994 curribus
2301 929 2379 996 ad
2421 927 2756 1016 patibulum

372 1031 578 1076 sumus
604 1012 851 1096 serendi,
899 1039 1039 1084 cum
1084 1015 1357 1082 Christus
1400 1015 1701 1084 Dominus
1750 1035 2005 1095 crucem,
2052 1016 2150 1082 cui
2194 1015 2312 1082 fuit
2361 1017 2587 1094 affixus,
2633 1016 2758 1080 suis

372 1097 637 1164 humeris
660 1103 1047 1172 sacrosamtis
1100 1103 1459 1191 portaveritz
1504 1125 1862 1188 currumque
1889 1102 2309 1183 conscendens,
2353 1103 2758 1171 Franciscanae

370 1182 672 1270 religionis
701 1187 990 1270 habitum,
1022 1213 1142 1276 quo
1188 1191 1421 1257 detecto
1463 1189 1737 1258 incedere
1786 1187 2082 1275 cupiebat,
2113 1188 2188 1255 ab
2235 1191 2472 1258 haeretis
2519 1195 2758 1256 coactus

372 1277 465 1370 est
492 1274 718 1358 operire
745 1277 861 1344 alia
886 1283 1051 1344 veste
1075 1278 1369 1378 imposita.
1457 1277 1613 1344 Cum
1641 1275 1815 1344 ambo
1846 1275 2140 1362 Martyres
2167 1277 2539 1357 veherentur,
2567 1299 2784 1356 senes‚.

366 1379 617 1442 juvenes
667 1361 968 1450 decrepiti,
1015 1387 1203 1451 pueri,
1254 1387 1424 1443 anus,
1454 1363 1690 1449 puellae,
1733 1368 2020 1430 matronae
2069 1385 2194 1430 non
2237 1364 2436 1429 modo-
2464 1386 2499 1429 e
2525 1364 2758 1430 cunctis

372 1443 537 1510 urbis
567 1446 729 1528 vicis,
762 1451 867 1518 sed
895 1472 973 1517 ex
999 1452 1212 1517 vicinis
1262 1473 1383 1536 quo
1426 1473 1503 1516 ue
1547 1449 1907 1535 municipiis,
1953 1455 2014 1514 et
2064 1450 2234 1535 pagis
2285 1451 2652 1516 confluentes
2692 1451 2760 1516 in

372 1531 603 1617 plateis,
632 1547 695 1600 et
719 1539 831 1604 viis
860 1537 1095 1604 obviam
1120 1539 1373 1604 veniunt
1384 1473 1894 1604 qbenedictionem
1941 1535 2286 1622 episcopum
2311 1538 2479 1604 flexis
2507 1535 2760 1623 genibus

372 1625 631 1700 orantes,
659 1624 951 1692 militibus
978 1625 1201 1691 frustra
1243 1624 1483 1690 turbam
1532 1623 1890 1702 arcentibus,
1919 1629 1982 1688 et
2029 1623 2262 1709 aliquos
2288 1623 2757 1690 vulnerantibus,

372 1703 544 1772 Inter
572 1717 835 1791 caeteros,
864 1713 1139 1792 cucurrit,
1161 1712 1267 1796 qui
1293 1733 1327 1776 e
1368 1711 1636 1797 iscopum
1807 1711 1854 1774 't
1879 1710 2116 1775 reficere
2143 1710 2270 1776 vini
2295 1711 2518 1778 haustu
2545 1733 2616 1776 co
2687 1733 2760 1774 us

372 1793 539 1859 senio
567 1798 925 1879 confectum,
954 1805 1017 1864 et
1047 1799 1278 1886 jejunio
1422 1796 1692 1883 guidam.
1849 1818 1946 1863 am
1989 1802 2121 1862 toto
2164 1796 2262 1864 die
2289 1797 2411 1864 cibi
2435 1797 2588 1863 nihil
2615 1733 2760 1862 aa·

373 1886 557 1959 verat,
610 1905 749 1950 cum
792 1892 945 1952 esset
990 1891 1142 1954 tunc
1187 1885 1335 1952 hora
1379 1885 1611 1950 circiter
1660 1889 1872 1970 quarta
1920 1883 2340 1968 pomeridiana.
2427 1884 2761 1950 Multitudo

325 2007 335 2020 ·
372 1967 583 2052 populi
607 1970 1015 2040 incolumitate
1042 1994 1153 2038 sua
1200 1971 1541 2059 posthabita
1584 1971 1964 2038 constituisse
1989 1969 2176 2036 fertur
2201 1971 2468 2036 insontes
2494 1971 2560 2037 in
2587 1969 2762 2036 liber-

373 2059 559 2151 tatem
586 2057 904 2138 vindicare,
932 2059 1115 2145 idque
1142 2081 1285 2124 sane
1312 2060 1559 2138 factura,
1609 2058 1729 2126 nisi
1776 2057 2109 2144 episcopus,
2139 2058 2243 2142 qui
2293 2059 2420 2144 ejus
2449 2057 2764 2124 consilium

372 2139 685 2222 intellexit,
738 2145 1087 2226 obstitisset,
1134 2145 1473 2214 catholicos
1516 2167 1627 2231 per
1670 2145 1873 2210 Deum
1916 2143 2206 2230 rogando,
2251 2144 2622 2223 obtestando,
2682 2166 2760 2210 ne

372 2226 571 2312 ipsum
600 2230 875 2319 Martyrii
911 2255 1149 2312 corona,
1193 2253 1373 2318 quam
1422 2232 1529 2298 diu
1572 2229 1888 2318 expetebat
1975 2230 2224 2298 rivaret:
2268 2254 2388 2298 neu
2437 2254 2519 2310 se,
2549 2230 2766 2297 liberos

373 2319 1466 2492 {immisisses}
1493 2253 2766 2493 secessisset-{aum

373 2490 609 2569 nutriti,
630 2493 725 2560 vel
750 2493 941 2560 latum
965 2515 1231 2579 unguem
1262 2492 1649 2572 discederent,
1678 2491 1908 2558 suadet.

466 2575 799 2662 Saepissime
818 2601 957 2644 vero
978 2580 1341 2645 sacerdotem
1364 2579 1548 2644 altero
1577 2601 1757 2644 curru
1784 2584 2129 2662 sequentem
2156 2578 2400 2644 nomine
2427 2577 2763 2662 compellat,

370 2660 591 2746 jubens
619 2685 745 2730 esse
771 2666 915 2732 forti
942 2667 1159 2743 animo,
1190 2666 1388 2730 omnia
1436 2687 1545 2751 pro
1588 2664 1828 2730 Christo
1855 2664 2104 2730 viriliter
2128 2664 2299 2743 ferre,
2329 2665 2765 2749 ostendensque

378 2749 805 2830 concionando,
833 2773 1043 2838 parum
1068 2751 1299 2818 itineris
1324 2751 1621 2836 reliquum
1648 2772 1794 2830 esse,
1823 2755 1896 2814 ut
1920 2751 1988 2815 in
2025 2771 2221 2816 veram
2266 2751 2517 2836 patriam
2559 2772 2764 2836 perve-

378 2835 550 2904 niant
576 2836 685 2902 ubi
734 2859 1029 2906 summam
1071 2839 1350 2923 quietem,
1380 2843 1442 2902 et
1480 2843 1761 2902 aeternam
1804 2836 2296 2923 tranquillitatem
2341 2837 2462 2902 sint
2509 2837 2764 2916 nacturi,

380 2923 561 2989 modo
588 2925 769 2990 unius
796 2925 959 2991 horae
986 2925 1271 3004 laborem,
1301 2931 1363 2990 et
1390 2923 1803 2990 brevissimum
1833 2922 2094 2988 dolorem
2125 2923 2476 2989 sustineant.
2563 2922 2766 2989 Sacer-

381 3009 493 3077 dos
519 3012 779 3080 vicissim
806 3013 1155 3101 episcopum
1196 3017 1491 3098 precatur,
1535 3019 1609 3076 ut
1655 3033 1765 3097 pro
1813 3010 1948 3097 ipso
1993 3018 2141 3090 oret,
2168 3009 2402 3076 fortiter
2439 3014 2658 3091 anteat,
2703 3033 2767 3075 se

382 3097 663 3168 audacter
688 3107 1030 3168 secuturum
1058 3099 1364 3188 pollicens.

354 3201 365 3212 ·
467 3185 623 3252 Oum
648 3187 893 3256 flumine
942 3185 1231 3274 oppidum
1274 3185 1533 3254 alluente
1576 3187 1826 3272 trajecto
1869 3185 1946 3252 ad
1993 3184 2250 3252 radicem
2291 3183 2511 3250 tumuli
2537 3185 2602 3250 in
2647 3205 2766 3270 quo

382 3281 579 3343 erecta
625 3273 895 3361 patibula
942 3274 1301 3352 eminebant,
1354 3273 1507 3360 jussi
1554 3296 1592 3340 a
1640 3274 1820 3340 carris
1865 3271 2323 3352 descendissent,
2393 3272 2528 3338 fixis
2596 3271 2768 3338 humi

382 3361 637 3446 genibus
664 3370 967 3448 caeperunt
994 3363 1071 3427 ad
1091 3361 1289 3428 Deum
1390 3383 1519 3426 eces
1546 3359 1866 3427 effundere.
1954 3358 2122 3432 Quas
2149 3359 2316 3425 brevi
2339 3360 2767 3445 interrumpere

382 3448 674 3534 compulsi
701 3447 777 3515 ab
805 3449 1105 3534 equitibus
1291 3448 1304 3461 ”
1354 3449 1409 3512 ὀ
1437 3447 1858 3514 comitantibus
1913 3447 2104 3514 hastis
2131 3446 2407 3534 perculsi,
2435 3445 2586 3513 colle
2625 3445 2766 3523 cito,

383 3542 447 3601 et
474 3535 741 3602 alacriter
768 3542 1044 3622 superato
1070 3537 1267 3600 furcas
1322 3534 1596 3621 amplexi,
1627 3542 1690 3600 et
1716 3534 1968 3600 osculati
1991 3555 2200 3600 rursus
2225 3539 2413 3599 erant.
2497 3531 2768 3616 Cumque

380 3623 601 3690 iterum
628 3623 953 3690 orationem
979 3623 1407 3708 interrumpere
1421 3627 1793 3706 cogerentur,
1814 3621 2128 3706 episcopus
2142 3619 2462 3686 sacerdotis
2481 3617 2768 3696 solicitus,

380 3711 725 3795 veritusque
751 3731 831 3775 ne
858 3709 1086 3776 callidis
1115 3708 1527 3775 haereticorum
1560 3708 1838 3773 versutiis
1868 3705 2254 3792 deciperetur,
2287 3727 2466 3791 quam
2494 3704 2770 3772 summis-

384 3794 635 3874 sissime,
665 3795 1055 3880 abjectissime
1096 3795 1324 3882 petivit,
1360 3801 1435 3860 ut
1480 3794 1771 3859 sacerdoti
1810 3793 2014 3859 liceret
2057 3793 2282 3879 prmire,
2311 3799 2384 3859 ut
2430 3793 2558 3876 ipse
2598 3790 2770 3858 illum

383 3883 543 3948 inter
568 3881 941 3948 moriendum
970 3883 1361 3948 confirmaret.
1448 3879 1591 3952 Quo
1638 3879 1928 3947 beneficio
1969 3880 2216 3946 minime
2239 3881 2556 3965 impetrato
2583 3899 2770 3944 sacer-

386 3969 498 4034 dos
523 3967 697 4034 illum
724 3989 851 4034 esse
877 3968 1173 4055 intrepido
1202 3969 1421 4047 animo,
1450 3974 1511 4033 et
1548 3967 1926 4054 magnanimo
1971 3967 2184 4052 praeire
2214 3966 2415 4052 jussit,
2445 3988 2510 4031 se
2537 3973 2770 4032 secutu-

384 4077 521 4122 rum
548 4055 921 4141 promittens.

471 4143 643 4210 Tunc
670 4141 1006 4228 Episcopus
1030 4140 1293 4206 instituti
1320 4141 1697 4208 Francisoani
1738 4137 2247 4219 bardocucullum,
2293 4161 2366 4208 eo
2408 4163 2474 4206 se
2517 4138 2767 4205 induere

382 4230 742 4319 prohibitus,
788 4227 883 4294 illi
928 4227 1299 4313 virgunculae
1346 4229 1519 4314 cujus
1568 4249 1641 4293 au
1748 4227 1839 4292 ‘us
1887 4229 2252 4294 mentionem
2299 4227 2566 4305 fecimus,
2615 4226 2772 4291 inter

262 4325 271 4332 '
382 4317 625 4386 turbam
652 4316 727 4382 ad
755 4337 991 4382 crucem
1018 4315 1237 4382 astanti
1262 4315 1549 4416 projecit,
1569 4316 1639 4402 ju
1714 4337 1787 4380 na
1815 4335 1946 4380 eam
1971 4337 2293 4382 memorem
2321 4337 2450 4380 esse
2476 4313 2770 4401 promissi,

384 4407 688 4483 nimirum,
717 4409 789 4468 ut
816 4425 981 4469 saera
1006 4401 1309 4488 religionis
1337 4403 1745 4468 Francrscanae
1772 4403 2142 4468 vestimentis
2169 4423 2348 4468 exsan
2433 4424 2468 4467 e
2495 4398 2766 4487 praesulis

386 4493 634 4559 cadaver
652 4490 999 4557 involveret.
1028 4488 1285 4574 Jamque
1346 4489 1641 4556 atibulum
1668 4488 1992 4554 ascendens
2010 4489 2076 4554 in
2101 4489 2236 4575 ipso
2451 4509 2552 4554 um
2619 4487 2772 4552 rimo

388 4579 578 4666 gradu
620 4577 845 4666 populo
895 4577 1247 4643 eminentior
1352 4599 1490 4642 eum
1546 4575 1894 4662 suppliciter
1948 4575 2316 4662 deprecatur,
2365 4583 2428 4642 et
2591 4573 2772 4640 esiam

384 4667 751 4734 catholicam
778 4665 921 4744 otio,
952 4671 1013 4730 et
1038 4664 1467 4749 tranquillitate
1492 4663 1630 4742 frui,
1661 4669 1726 4727 et
1748 4661 2072 4729 Catholicis
2101 4661 2336 4728 Ibernis
2379 4662 2578 4729 omnia
2605 4683 2770 4748 pros·

381 4751 543 4839 pere,
571 4761 633 4819 et
660 4752 917 4820 secunde
952 4751 1185 4817 evenire
1212 4749 1333 4830 det,
1360 4752 1455 4831 iis,
1483 4772 1522 4817 a
1549 4749 1769 4838 quibus
1824 4750 1952 4836 ipse
1979 4753 2106 4816 erat
2132 4749 2508 4830 occidendus,
2537 4747 2770 4816 veniam

382 4841 687 4922 concedat,
714 4847 775 4906 et
802 4839 1041 4906 eosdem
1068 4838 1145 4905 ad
1172 4839 1435 4906 veritatis
1461 4838 1828 4925 agnitionem
1856 4836 2168 4920 deducatau
2789 4841 2971 4911 [2³5]
