3634 5842
345 1526 691 1623 DOMINI
777 1526 1206 1622 PHILIPPI
1276 1528 1893 1627 O'SULLEVANI
1944 1532 2311 1627 BEABRI
2377 1532 2733 1655 IBERNI,

1049 1762 1272 1830 ΤΟΜΙ
1315 1764 1446 1831 ΠΙ.
1511 1764 1775 1833 LIBER
1816 1766 2010 1833 VIII.

905 1944 1006 1997 DE
1037 1945 1272 1999 BELLO
1307 1946 1726 2010 QUmnEcm
1759 1948 2145 2003 ANNORUM.

340 2120 665 2193 Quouono
693 2122 966 2188 maximis
995 2122 1304 2210 praesentis
1331 2120 1474 2187 belli
1505 2120 1760 2188 ducibus
1798 2125 1955 2190 vires
1984 2132 2250 2191 contusae
2281 2128 2403 2192 sint
2432 2133 2522 2192 est
2552 2128 2735 2215 expli-

339 2218 557 2275 catum.
646 2210 866 2275 Adhuc
893 2208 1216 2275 nonnullos
1234 2210 1546 2274 conflictus
1567 2210 1721 2275 scitu
1739 2233 1863 2277 non
1879 2210 2161 2297 indignos
2186 2239 2200 2277 ε
2234 2214 2734 2298 quemadmodum

337 2297 578 2383 Angliae
606 2298 816 2382 regina
859 2295 1158 2376 defuncta,
1193 2296 1408 2361 Scotiae
1451 2318 1556 2361 rex
1599 2295 1901 2363 Iberniam
1931 2298 2277 2379 obtinuerit,
2310 2308 2371 2365 et
2399 2324 2474 2366 an
2499 2302 2733 2388 justum

335 2380 559 2449 bellum
589 2382 796 2449 Iberni
825 2382 1166 2470 gesserint?
1210 2389 1284 2447 ut
1309 2382 1410 2448 hic
1435 2389 1639 2448 tomus
1667 2384 2027 2465 absolvatur,
2058 2387 2364 2453 enarrabo.

1373 2860 1555 2927 CAP.
1601 2860 1657 2925 I.

473 3058 754 3114 Adversus
777 3058 958 3131 regios
985 3059 1402 3123 O'Sullevanus,
1427 3066 1482 3114 et
1507 3058 1638 3113 Mac
1663 3057 1841 3112 Guier
1864 3059 2101 3113 secunde
2122 3067 2389 3131 pugnant,
2414 3068 2473 3115 et
2496 3060 2587 3115 hic

1181 3132 1542 3202 possessiones
1563 3137 1875 3201 recuperat.

336 3300 830 3367 O'Sunmms
859 3301 1020 3388 apud
1049 3302 1440 3369 O’Ruarkum
1470 3302 1596 3368 dies
1638 3302 1867 3388 aliquot
1916 3309 2313 3369 commoratus
2341 3326 2481 3370 cum
2508 3305 2729 3371 milites

333 3410 556 3475 paucos
582 3389 744 3474 fugae
771 3388 1052 3474 reliquias
1096 3389 1417 3468 refecisset,
1447 3390 1595 3476 ipse,
1626 3388 1770 3455 Mac
1799 3389 2105 3474 Guierque
2144 3389 2443 3455 Richardo
2484 3390 2726 3472 OE'irello,

333 3480 514 3561 atque
559 3476 842 3542 trecentis
891 3476 1132 3541 armatis
1179 3476 1462 3554 comitati,
1493 3477 1598 3541 sed
1650 3474 1978 3554 calonibus,
2009 3482 2071 3540 et
2098 3476 2425 3542 inermibus
2450 3478 2725 3563 pluribus

334 3562 738 3649 sequentibus,
769 3569 840 3627 ut
867 3584 1007 3628 cum
1036 3562 1297 3628 O'Nello
1327 3564 1402 3628 de
1429 3562 1586 3627 bello
1623 3560 2084 3648 redintegrando
2112 3570 2313 3649 agant,
2343 3565 2723 3649 proficiscun-

332 3656 452 3729 tur,
481 3650 595 3715 iter
623 3648 860 3715 difficile
888 3650 1295 3735 suscipientes.
1347 3649 1510 3715 'Nam
1540 3648 1616 3714 O’
1620 3647 1684 3713 N
1685 3648 1837 3714 ellus
1863 3647 2127 3713 millibus
2155 3671 2442 3735 passuum
2470 3652 2725 3737 amplius

333 3738 610 3819 centumn
647 3735 941 3802 distabat:
970 3736 1218 3801 flumina
1236 3738 1369 3816 tria,
1390 3760 1526 3823 quae
1543 3743 1690 3801 tunc
1707 3734 1971 3821 hyberno
1999 3740 2267 3821 tempore
2292 3735 2545 3822 pedibus
2574 3738 2725 3804 adiri
2749 3768 2931 3835 [197.]

331 3846 458 3889 non
483 3830 778 3909 poterant,
808 3825 874 3888 in
901 3822 1158 3889 Ernium
1183 3824 1472 3910 inclytum
1500 3822 1696 3889 lacum
1712 3822 2027 3887 influentia
2052 3829 2220 3887 erant
2248 3823 2617 3909 trajicienda:
2650 3848 2723 3890 ex

329 3910 816 3995 interjacentibus
861 3909 1208 3996 regionibus
1255 3918 1469 3995 praeter
1496 3910 1610 3975 alia
1643 3908 1776 3974 loca
1809 3908 1975 3973 lacus
2000 3915 2169 3974 totus
2194 3931 2333 3975 cum
2360 3912 2485 3975 suis
2511 3911 2727 3977 insulis

333 4006 662 4081 caeteraque
691 3997 1112 4083 circumjacens
1135 3997 1274 4063 Mac
1299 3996 1536 4062 Guieris
1554 3996 1702 4063 ditio
1717 3996 1897 4081 regiis
1913 3995 2201 4081 presidiis
2218 3996 2551 4077 tenebatur,
2572 3998 2725 4064 duce

331 4082 610 4149 Cornelio
653 4082 796 4149 Mac
824 4082 1063 4164 Guiere,
1115 4092 1534 4171 eognomento,
1581 4082 1810 4163 Rubro,
1842 4082 1985 4148 Mac
2014 4083 2255 4149 Guieris
2302 4085 2587 4170 patruele,
2618 4087 2721 4171 qui

373 4178 530 4235 πίω
558 4170 892 4255 Anglorum
923 4178 1181 4251 secutus,
1205 4179 1266 4237 et
1295 4196 1330 4237 a
1357 4194 1468 4237 sua
1491 4171 1750 4237 factione
1769 4169 1913 4235 Mac
1940 4169 2131 4236 Guier
2157 4179 2391 4237 creatus
2416 4172 2457 4235 a
2481 4179 2725 4238 caeteros

405 4279 475 4322 ac
493 4256 682 4321 Guier
697 4257 1040 4343 Angliensis
1061 4259 1504 4325 nominabatur:
1529 4264 1592 4323 et
1612 4257 1688 4323 ad
1703 4258 1927 4341 reginae
1944 4258 2197 4343 gratiam
2212 4258 2433 4323 multos
2450 4257 2723 4339 Ibernos,

331 4342 614 4409 maxi-me
631 4343 772 4409 Mac
784 4344 1076 4411 Guiericoe
1093 4346 1290 4431 gentis
1307 4344 1614 4423 obaemtos,
1625 4352 1688 4409 et
1703 4344 1949 4409 clientes
1966 4345 2275 4420 convertit,
2282 4366 2417 4408 cum
2430 4351 2627 4410 tamen
2646 4344 2727 4411 ab

333 4431 672 4515 Anglorum
703 4430 908 4497 delusa
957 4431 1262 4517 religione,
1291 4453 1414 4496 non
1461 4432 1681 4509 minus,
1712 4452 1893 4515 quam
1921 4429 2022 4494 alii
2050 4452 2172 4495 sem
2280 4480 2300 4509 ,
2330 4429 2719 4499 abhorruerit.

334 4516 786 4597 O'Sullevanus‚
837 4527 900 4583 et
943 4518 1086 4584 Mac
1115 4518 1302 4583 Guier
1347 4514 1562 4581 oblatis
1589 4516 1666 4581 ad
1691 4524 1903 4580 votum
1930 4516 2183 4600 pontoni
2226 4538 2297 4580 us
2323 4515 2573 4583 flumina
2604 4525 2725 4585 tra-

335 4602 588 4668 ducunt.
675 4604 764 4669 Cu
773 4607 864 4669 'us
907 4606 993 4671 rei
1044 4604 1228 4670 nescii
1277 4600 1420 4668 Mac
1449 4602 1638 4667 Guier
1683 4600 2051 4687 Angliensis,
2098 4601 2175 4667 Ο*
2180 4602 2619 4685 Habebimus,
2662 4614 2725 4673 et

333 4688 696 4755 Laurentius
801 4692 1016 4758 smund
1025 4715 1094 4757 us
1143 4712 1281 4755 cum
1326 4688 1568 4754 armatis
1615 4687 1961 4775 quingentis
2010 4708 2089 4753 ex
2136 4690 2365 4755 stativis
2394 4712 2502 4777 per
2526 4691 2725 4759 lacum

333 4773 637 4856 lintribus,
666 4778 1037 4865 navigiisque
1065 4778 1222 4845 vecti
1248 4775 1512 4842 fluminis
1531 4774 1730 4841 ultimi
1751 4774 1969 4841 vadum
1990 4776 2233 4842 nomine
2250 4776 2722 4846 Bealtatbertum
