3634 5842
917 708 996 769 90
1346 704 1762 769 o’smmievaxl
1807 725 2122 771 maroam:
2167 724 2554 784 carnonam,
2585 725 2737 771 rou.
2786 726 2863 769 11.
3008 706 3166 790 [us.
3212 726 3320 769 111.

917 876 1133 943 obiisse
1163 902 1232 944 ea
1277 876 1456 942 verba
1483 877 1808 943 identidem
1860 880 2255 965 proferentem
2308 885 2349 914 “
2369 878 2631 944 Domine
2682 879 2733 943 si
2760 877 2986 965 populo
3028 885 3139 943 tao
3182 900 3319 943 sum

915 987 1087 1049 opus,
1119 989 1229 1051 ego
1261 963 1502 1049 quidem
1551 964 1814 1029 laborem
1862 987 1985 1030 non
2028 988 2254 1045 recuso,
2288 966 2380 1031 sin
2410 966 2611 1031 minus
2638 966 3039 1052 nequicquam
3067 965 3317 1030 moleste

917 1054 1042 1115 fero
1071 1074 1145 1117 ex
1191 1052 1370 1137 hujus
1415 1049 1839 1117 laboriossimae
1866 1052 2006 1117 vitre
2048 1052 2344 1139 proesidio,
2372 1059 2435 1119 et
2464 1053 2721 1120 statione
2756 1052 3074 1133 discedere,
3106 1052 3312 1117 divino

921 1146 1026 1203 tuo
1057 1145 1404 1225 conspectu,
1435 1145 1496 1202 et
1525 1140 1730 1203 eterna
1759 1139 1959 1223 quiete
1986 1139 2405 1205 recreandus.”

1726 1446 1769 1451 -ῌ
1786 1440 2593 1453 ———--—-——-——--—·-———*-——-———-—-0-——-

1948 1668 2128 1733 CAP.
2176 1668 2293 1733 IX.

1407 1850 1494 1902 De
1523 1848 1798 1903 O’Briene
1826 1848 2108 1901 Tomoniae
2134 1854 2189 1899 et
2216 1847 2548 1901 Lomnachoe
2572 1846 2845 1919 principe.

921 2004 1120 2069 Ham)
1148 2002 1289 2067 inde
1316 2002 1500 2087 longo
1529 2008 1794 2085 tempore
1822 2006 2119 2065 transacto
2148 2024 2185 2065 a
2205 1999 2455 2065 Daniele
2484 1998 2781 2064 O'Briene
2808 1998 3115 2065 Tomoniae
3141 1997 3313 2063 Prin-

921 2092 1052 2175 cipe
1099 2096 1300 2153 motus
1347 2089 1684 2153 excitantur
1731 2085 2180 2173 periculosiores
2227 2085 2437 2174 procul
2481 2084 2665 2152 dubio
2701 2087 2910 2167 futuri,
2940 2086 3059 2152 nisi
3085 2086 3153 2150 in
3182 2085 3313 2171 ipso

921 2175 1162 2242 exordio
1193 2173 1409 2240 Daniel
1437 2180 1658 2239 conatu
1687 2174 2037 2259 dejiceretur
2074 2175 2293 2260 partim
2320 2174 2433 2239 sua
2460 2173 2791 2239 temeritate
2817 2174 3039 2260 partim
3066 2194 3313 2237 consan-

921 2264 1276 2350 guineorum
1340 2260 1741 2326 contentione.
1863 2260 1929 2324 Is
1979 2260 2055 2326 ad
2119 2267 2349 2327 tantam
2399 2261 2747 2347 potentiam,
2813 2260 3313 2345 autoritatemque

918 2355 1236 2437 provectus
1265 2354 1374 2428 est,
1403 2346 1674 2413 utillum
1702 2346 1877 2411 multi
1921 2346 2125 2412 Iberni
2173 2350 2401 2412 veteres
2450 2353 2512 2413 et
2559 2348 2702 2411 novi
2752 2348 3069 2413 statuerint

913 2436 1158 2523 jurare*
1207 2455 1401 2521 neque
1451 2434 1528 2500 ad
1576 2434 1642 2498 id
1689 2432 2137 2519 impediendum
2166 2434 2449 2520 Phyton†
2494 2456 2707 2520 prorex
2760 2434 3019 2521 Anglus,
3070 2454 3147 2499 au
3286 2440 3315 2496 t

920 2523 1087 2588 urbis
1114 2522 1473 2587 Lomnachae
1503 2522 1722 2586 maenia
1766 2520 1968 2606 egredi
2011 2543 2187 2606 quam
2237 2521 2513 2608 praesidio
2558 2520 2817 2601 tenebat,
2866 2544 2978 2586 nec
3028 2521 3171 2585 satis
3200 2519 3318 2585 sibi

919 2616 1114 2677 tutam
1143 2608 1535 2675 existimabat.
1624 2608 1855 2673 Verum
1900 2608 2029 2673 sine
2078 2608 2321 2675 vulnere
2374 2614 2435 2673 et
2484 2608 2687 2694 praelio
2737 2628 2943 2673 omnes
2996 2606 3313 2672 O’Brienis

885 2698 1072 2763 .vires
1119 2720 1241 2763 uno
1293 2702 1708 2782 stratagemate
1757 2694 2032 2761 funditus
2076 2696 2307 2760 evertit.
2394 2695 2667 2760 Primum
2710 2716 2851 2760 cum
2894 2694 2997 2759 illo
3044 2693 3119 2758 de
3148 2694 3311 2780 pacis

919 2783 1362 2851 conditionibus
1393 2784 1556 2869 agit3
1603 2782 1816 2847 deinde
1843 2788 1915 2846 ut
1944 2782 2019 2847 ad
2047 2782 2412 2868 colloquium
2440 2781 2729 2867 oppidum
2768 2780 3137 2867 ingrediatur
3164 2782 3317 2867 petit

921 2879 984 2937 et
1012 2880 1159 2951 orat,
1190 2872 1542 2957 interposito
1566 2869 1954 2955 jurejurando
1982 2876 2056 2933 ut
2098 2868 2408 2934 obsidibus
2452 2868 2607 2933 datis
2651 2868 2991 2935 dimittendi
3019 2868 3193 2933 illum
3222 2868 3311 2933 in-

922 2960 1218 3025 columem
1246 2958 1322 3023 ad
1351 2958 1558 3023 horam
1587 2958 1958 3021 destinatam.
2050 2956 2314 3022 O'Brien
2341 2956 2520 3021 homo
2564 2955 2751 3021 facilis
2782 2956 3089 3021 temerario
3120 2956 3311 3020 consi-

757 3040 904 3109 [79.]
923 3046 1007 3111 lio
1037 3046 1310 3127 ductu8,ss
1347 3044 1637 3129 oppidum
1681 3045 1886 3122 intrat,
1938 3042 2175 3108 obsides
2221 3043 2559 3129 Anglorum
2602 3064 2803 3107 secum
2832 3042 3120 3121 deferens,
3150 3048 3311 3107 ratus

923 3132 1262 3218 Phytonem
1283 3129 1666 3216 jurejurando
1695 3130 1841 3194 satis
1884 3151 2010 3194 esse
2038 3130 2309 3212 ligatum,
2340 3130 2682 3215 relinquens
2725 3130 3049 3197 exercitum
3077 3128 3157 3195 ad
3184 3150 3312 3213 sep—

919 3217 1336 3282 tentrionalem
1377 3216 1544 3281 urbis
1593 3222 1848 3302 portam,
1892 3214 2001 3280 ubi
2058 3222 2183 3281 erat
2231 3216 2299 3282 in
2348 3216 2599 3283 stativis,
2690 3215 2809 3283 Sed
2854 3239 2889 3282 e
2938 3214 3309 3281 meridionali

917 3311 1092 3391 porta
1119 3324 1323 3369 rursus
1353 3326 1390 3367 a
1423 3324 1677 3402 prorege
1705 3303 1998 3367 emittitur
2026 3302 2101 3367 ad
2146 3308 2381 3389 tempus
2409 3304 2805 3369 constitutum
2832 3330 2847 3368 ε
2895 3325 2964 3369 ac
2992 3303 3081 3367 ita
3110 3302 3307 3367 Sinni-

919 3414 1036 3457 nus
1079 3391 1268 3457 amnis
1299 3390 1588 3476 oppldum
1616 3389 1883 3453 adfluens
1927 3396 1987 3453 et
2028 3389 2373 3455 interfluens
2412 3390 2586 3455 illum
2614 3390 2689 3456 ab
2720 3390 2982 3456 exercitu
3012 3388 3306 3455 distermi-

917 3477 1120 3557 nabat,
1171 3498 1366 3564 neque
1409 3476 1667 3561 trajiciat
1713 3477 1780 3541 in
1824 3476 2087 3540 fluminis
2128 3477 2273 3562 ripis
2315 3499 2527 3565 prorex
2576 3477 2877 3543 custodias
2936 3476 3221 3562 disponit,
3250 3483 3307 3540 et

917 3566 1158 3631 interim
1203 3564 1478 3630 Cornelio
1530 3563 1876 3644 O'Brieni,‡
1926 3563 2184 3650 principi
2232 3565 2439 3650 nepoti
2490 3588 2567 3629 ex
2625 3564 2823 3643 fratre,
2868 3564 2973 3629 sed
3022 3564 3307 3629 acerrimo

919 3652 1271 3732 adversario,
1291 3672 1472 3739 quem
1493 3672 1696 3716 secum
1721 3649 2001 3729 habebat,
2030 3651 2198 3736 regio
2215 3653 2459 3717 nomine
2476 3650 2792 3737 pollicetur
2806 3650 3117 3717 Tomoniae
3146 3649 3305 3735 prin-

915 3741 1184 3826 cipatum
1233 3762 1372 3805 cnm
1430 3738 1682 3805 Comitis
1737 3739 2001 3818 nomine,
2051 3738 2215 3825 quod
2264 3739 2392 3824 ejus
2440 3744 2689 3825 patruus
2740 3738 2993 3803 Maurus
3040 3736 3305 3803 O'Brien

917 3828 1145 3913 primus
1174 3850 1247 3892 ex
1275 3828 1346 3892 ea
1374 3832 1554 3913 gente
1581 3832 1903 3911 acceperat,
1944 3826 2123 3891 modo
2164 3826 2331 3911 regio
2350 3824 2599 3912 imperio
2644 3824 3081 3909 obtemperans,
3107 3828 3305 3888 motus

917 3912 991 3979 ab
1025 3914 1322 3980 O’Briene
1351 3914 1678 3979 concitatos
1721 3919 2035 3978 conaretur
2064 3912 2269 3979 sedare
2296 3939 2310 3978 ε
2344 3932 2525 3999 quam
2552 3911 2656 3977 illo
2686 3910 3088 3978 conditionem
3118 3910 3304 3975 liben-

913 4008 1008 4066 ter
1064 4002 1406 4086 accipiente,
1479 4000 1795 4065 O'Brienis
1867 4000 2021 4063 vires
2080 4006 2141 4064 et
2210 4000 2504 4065 exercitus
2578 4000 2941 4085 dissipantur
2966 4024 2988 4079 3
3062 3997 3306 4083 ipseque

915 4088 1179 4153 O'Brien
1209 4086 1372 4174 quod
1401 4085 1479 4151 ad
1505 4088 1831 4152 exercitum
1857 4108 1983 4151 non
2005 4086 2204 4172 potnit
2230 4087 2450 4165 venire,
2478 4086 2581 4151 vix
2608 4106 2765 4172 equo
2792 4086 2931 4163 fuit,
2960 4107 3085 4149 uno
3114 4082 3305 4171 pedis·

915 4198 1099 4259 sequo
1130 4175 1365 4240 comite.
1455 4172 1534 4238 Ei
1581 4174 1650 4237 in
1699 4172 1814 4237 hac
1863 4173 2011 4257 fuga
2059 4173 2125 4237 id
2174 4173 2495 4259 contigisse
2542 4173 2700 4239 fama
2744 4170 3092 4257 divulgavit,
3147 4168 3307 4256 quod

994 4366 1018 4391 ·
1041 4363 1210 4435 Many
1255 4360 1666 4415 anachronisms
1713 4359 1768 4412 in
1819 4360 1915 4412 the
1962 4359 2203 4430 chapter.
2268 4328 2512 4415 bonnell
2550 4358 2795 4413 O'Brian
2840 4374 2967 4412 rose
3013 4366 3075 4412 to
3120 4374 3303 4429 power

917 4434 1070 4488 AJ).
1105 4433 1480 4489 1553.—F0ur
1503 4432 1758 4486 Masters.
1834 4432 1934 4485 See
1958 4430 2072 4484 also
2097 4430 2229 4485 ibid.
2258 4431 2413 4486 A.D.
2448 4434 2602 4493 1554,
2635 4432 2789 4493 1555,
2824 4428 2913 4482 for
2940 4429 3023 4483 his
3048 4430 3303 4497 victorias

917 4506 1026 4557 and
1049 4505 1249 4559 battles
1274 4505 1488 4575 against
1511 4504 1606 4557 the
1625 4502 1716 4557 En
1759 4500 1884 4555 lish.

988 4574 1028 4633 †
1047 4574 1178 4629 Earl
1202 4576 1269 4630 of
1287 4576 1511 4642 Sussex,
1537 4577 1662 4643 (not
1736 4576 1905 4643 itton)
1932 4572 2087 4627 A.D.
2131 4576 2283 4627 1558.
2350 4573 2473 4628 The
2517 4572 2666 4627 Four
2710 4572 2952 4627 Μαίη-ε
2983 4570 3189 4641 merely
3213 4587 3299 4623 re-

917 4648 1053 4700 cord
1079 4646 1358 4703 Donnell's
1383 4648 1688 4717 deposition
1712 4645 1820 4699 and
1844 4644 2018 4715 ssight,
2046 4644 2149 4699 but
2172 4645 2407 4699 without
2423 4645 2517 4698 the
2542 4643 2964 4699 circumstances
2987 4641 3303 4697 mentioned

915 4720 1189 4857 hei-:edom
1218 4788 1671 4844 Masters.—ibid.
