3634 5842
866 1312 1194 1392 DOMINI
1275 1311 1680 1390 PHILIPPI
1761 1309 2367 1406 o’sULLuvAM,
2457 1311 2791 1414 alnam
2882 1309 3203 1387 IBERNI

1627 1488 1848 1554 ΤΟΜΙ
1920 1489 1973 1554 Ι.
2046 1489 2307 1556 LIBER
2345 1489 2440 1555 II.
2730 1429 2735 1432 Ι

1291 1691 1408 1742 ΒΕ
1457 1689 2058 1744 PUBGATORIO
2106 1689 2311 1740 DIVI
2366 1687 2809 1740 PATRITII.

942 1879 1222 1962 Superest
1249 1871 1442 1938 adhuc
1493 1871 1759 1936 omnium
1808 1869 2279 1936 memorabilium
2329 1891 2524 1933 rerum
2554 1867 2820 1932 Iberniae
2848 1865 3121 1944 maxima,
3168 1864 3241 1928 de

857 1967 975 2052 qua.
1001 1960 1265 2050 principe
1291 1959 1423 2024 loco
1468 1957 1677 2023 fuisset
1727 1957 2043 2042 agendum,
2075 1957 2191 2021 nisi
2238 1956 2480 2020 seorsim
2510 1955 2607 2021 hic
2636 1955 2827 2020 fusius
2855 1952 3237 2018 enarrandam

859 2074 982 2118 esse
1012 2048 1326 2114 duxissem.
1414 2045 1504 2110 Ea
1533 2051 1624 2110 est
1652 2043 1795 2110 Divi
1824 2043 2059 2109 Patritii
2087 2042 2529 2128 Purgatorium.

1619 2285 1674 2294 ..—

1894 2459 2071 2524 CAP.
2148 2459 2202 2524 I.

1208 2630 1492 2689 promittit
1508 2631 1708 2686 author
1727 2649 1784 2684 se
1807 2631 2111 2686 relaturum
2136 2631 2419 2686 historiam
2444 2631 2693 2695 hominis,
2720 2633 2814 2704 qui
2838 2651 2872 2687 a

1487 2702 1823 2775 Purgatorio
1850 2703 1978 2757 Divi
2004 2703 2225 2759 Pan-itii
2248 2721 2501 2758 reversus
2524 2711 2629 2757 est.

861 2855 941 2921 ΙΝ
991 2852 1343 2940 Purgatorio
1389 2851 1530 2916 Divi
1581 2849 1815 2916 Patritii
1861 2850 2185 2914 multorum
2235 2849 2544 2915 hominum
2595 2851 2823 2917 animos
2871 2851 2950 2917 ob
2978 2862 3239 2938 peccata,

861 2964 997 3028 quae
1041 2939 1381 3026 corporibus
1430 2937 1681 3002 inclusae
1731 2936 2115 3016 admiserunt,
2160 2937 2405 3002 cruciari
2449 2943 2818 3023 compertum
2864 2945 2972 3004 est.
3060 2939 3241 3004 Unde

859 3051 1034 3114 quam
1061 3027 1246 3092 falsus
1295 3032 1355 3090 et
1399 3025 1618 3109 impius
1663 3024 1742 3088 sit
1785 3046 1948 3088 error
1996 3046 2198 3089 eorum
2228 3023 2331 3109 qui
2380 3030 2715 3109 peccatores
2756 3025 3021 3091 homines
3042 3026 3241 3092 sedin

863 3117 1052 3200 gratia
1079 3112 1196 3178 Dei
1245 3110 1531 3176 obeuntes
1575 3111 1983 3195 purgatorium
2031 3131 2266 3174 manere
2314 3117 2556 3195 negant,
2585 3110 2700 3176 hoc
2746 3135 2937 3178 unum
2978 3112 3121 3178 satis
3150 3121 3242 3178 est

865 3206 1253 3286 argumento;
1315 3203 1709 3284 praeterquam
1760 3194 1921 3279 quod
1970 3195 2184 3261 divinis
2232 3195 2443 3261 litteris
2501 3199 2863 3282 apertissime
2919 3199 3236 3286 colligitur.

864 3289 1000 3372 Ego
1059 3285 1298 3371 quidem
1353 3284 1472 3370 legi
1530 3289 1588 3348 et
1645 3283 1712 3346 in
1769 3281 2025 3367 quodam
2082 3281 2358 3348 Ibernico
2430 3282 2581 3349 libro
2654 3292 2715 3349 et
2785 3286 2944 3370 apud
3014 3285 3239 3352 Divum

863 3374 1218 3458 Dionysium
1247 3370 1703 3436 Carthusianum
1751 3369 1819 3433 in
1861 3391 2032 3468 opere
2063 3368 2137 3434 de
2165 3377 2419 3454 quatuor
2446 3370 2802 3437 Novissimis
2832 3380 2893 3438 et
2920 3373 2994 3437 de
3016 3373 3240 3458 judicio

865 3460 1083 3526 animae
1132 3459 1406 3524 historias
1449 3457 1758 3522 hominum
1808 3477 1913 3539 qul
1956 3455 2097 3520 Divi
2146 3456 2382 3522 Patritii
2409 3458 2816 3543 purgatorium
2866 3460 3149 3539 viserunt,
3180 3473 3242 3525 et

865 3569 1067 3612 rursus
1097 3545 1172 3613 ad
1197 3567 1309 3610 nos
1357 3543 1606 3629 gradum
1653 3549 2019 3621 revocarunt,
2050 3564 2197 3627 quas
2239 3542 2480 3608 silencio
2506 3567 2670 3610 nunc
2695 3545 2952 3611 involvo.
3041 3546 3241 3613 Unam

865 3635 1112 3700 referam
1139 3632 1464 3709 historiam,
1498 3652 1674 3715 quam
1703 3629 1949 3694 antehac
1982 3651 2286 3715 nunquam
2328 3630 2490 3714 quod
2532 3654 2643 3717 ego
2672 3633 2873 3711 sciam,
2916 3631 3241 3700 Latinitate

869 3721 1166 3800 donatam,
1210 3721 1366 3784 inter
1400 3717 1694 3782 litutarios
1743 3737 1905 3780 meos
1954 3717 2210 3786 invenio.
2297 3715 2510 3802 Itaque
2540 3739 2678 3783 cum
2727 3741 2959 3804 agerem
2985 3721 3050 3785 in
3079 3721 3243 3786 curia

867 3807 1157 3874 Oatholici
1195 3807 1352 3892 regis
1401 3803 1828 3882 florentissima,
1858 3826 1996 3869 cum
2044 3802 2348 3868 nonnullis
2375 3805 2515 3868 viris
2543 3804 2789 3870 eruditis
2846 3812 2907 3871 et
2948 3808 3241 3872 acerrimis

867 3894 1235 3978 antiquitatis
1259 3891 1703 3977 indagatoribus
1729 3889 1873 3956 mihi
1920 3912 2039 3956 non
2068 3891 2301 3976 ingrata
2326 3890 2686 3957 familiaritas
2712 3892 3059 3959 intercessit.
3146 3893 3243 3959 Ex

868 3982 954 4046 eis
1011 4003 1168 4044 unus
1209 3979 1355 4043 mihi
1403 3977 1865 4043 accommodavit
1905 3977 2169 4044 libellum
2228 3979 2711 4064 manuscriptum,
2784 3981 2886 4064 qui
2958 3979 3243 4046 Ramonis

871 4065 1253 4132 vicecomitis
1280 4065 1496 4130 nobilis
1525 4063 1780 4148 Hispani
1831 4064 2253 4150 profectionem
2286 4065 2352 4129 in
2379 4063 2525 4130 Divi
2550 4064 2783 4132 Patritii
2811 4067 3241 4154 purgatorium,

869 4153 956 4220 ibi
985 4176 1172 4231 casus,
1219 4150 1598 4235 indidemque
1638 4149 1894 4214 reditum
1924 4151 2283 4216 continebat.
2369 4151 2513 4216 Fuit
2540 4159 2740 4218 autem
2780 4154 2907 4239 ipse
2936 4153 3242 4220 codicillus

869 4239 1254 4326 inscriptione
1279 4237 1457 4302 fidem
1502 4237 1755 4302 faciente
1803 4235 1879 4301 ab
1920 4236 2125 4302 eodem
2152 4238 2514 4304 vicecomite
2541 4240 2901 4326 compositus
2926 4241 3246 4308 Lemosina

872 4329 1080 4414 lingua
1131 4328 1238 4410 (ita
1285 4330 1527 4390 vocatur
1616 4323 1835 4388 riscum
1882 4323 2101 4388 idioma
2148 4347 2353 4390 eorum
2405 4323 2717 4410 Hispaniae
2754 4328 3111 4415 populorum
3140 4329 3247 4415 qui

869 4415 1050 4479 hodie
1075 4413 1282 4498 lingua
1302 4434 1411 4478 sua
1438 4345 1707 4477 caniani
1725 4411 2171 4497 nuncupantur)
2186 4417 2246 4476 et
2253 4433 2429 4498 opera
2449 4411 2646 4477 fratris
2666 4411 2967 4482 Francisci
2976 4415 3247 4482 Ximenis

871 4523 906 4566 e
953 4499 1342 4565 Franciscana
1391 4499 1686 4563 minorum
1732 4497 2015 4583 religione
2064 4497 2368 4586 Episcopi
2396 4497 2575 4564 Elnae
2617 4505 2678 4564 et
2726 4500 3250 4584 Hierosolymitani

869 4585 1232 4652 Patriarchae
1281 4607 1418 4651 cum
1467 4584 1597 4651 aliis
1645 4584 1945 4651 codicibus
1992 4585 2059 4650 in
2099 4609 2291 4652 unum
2337 4583 2616 4650 volumen
2660 4589 2950 4655 redactus.
3068 4588 3250 4661 Quod

871 4672 1148 4740 volumen
1177 4673 1334 4759 typis
1363 4673 1707 4740 mandatum
1753 4672 2113 4753 Ruscinone,
2144 4672 2304 4759 quod
2346 4669 2631 4758 oppidum
2672 4675 2848 4742 hodie
2874 4675 3251 4762 Perpinnana
