3634 5842
401 750 537 801 car.
587 730 706 814 1v.]
1077 750 1160 795 nn
1202 749 1406 795 1³11.oe
1451 744 1821 798 eumenem
1866 744 2206 792 amonuit.
2674 728 2799 789 259

1428 1094 1607 1159 cAP.
1655 1092 1770 1158 IV.

1151 1314 1556 1370 Momoniarum
1573 1312 1821 1405 ’Urbium
1846 1320 2044 1368 motus.
2136 1354 2145 1365 .

407 1535 567 1600 Posr
585 1532 886 1601 Iberniam
945 1540 1170 1600 acatam
1190 1534 1468 1601 interitus
1493 1533 1843 1600 Elisabetha
1870 1534 1973 1601 An
2012 1534 2108 1601 liae
2138 1534 2401 1623 Reginae,
2434 1559 2567 1623 quse
2636 1542 2799 1613 aucis

408 1628 548 1687 ante
577 1620 787 1687 diebus
835 1644 902 1687 ra
941 1622 1016 1701 ie,
1064 1628 1126 1686 et
1169 1620 1516 1707 ingentibus
1567 1620 1927 1687 cruciatibus
2034 1621 2248 1689 borans
2277 1623 2531 1689 animam
2692 1626 2797 1707 vit,

407 1707 770 1795 divulgatur.
861 1708 1003 1779 Quo
1031 1709 1272 1794 cognito
1303 1708 1606 1795 Manapia,
1655 1707 1973 1787 Ooreacha,
2004 1708 2468 1796 Lomnachaque
2496 1710 2801 1778 Momoni-

406 1818 576 1861 arum
605 1794 782 1860 urbes
813 1818 949 1861 eum
994 1795 1318 1881 interjectis
1369 1794 1498 1861 aliis
1547 1794 1783 1882 oppidis
1811 1794 2072 1876 incertae,
2104 1797 2201 1861 cui
2232 1798 2485 1883 principi
2514 1797 2799 1865 deberent

405 1881 831 1969 obtemperare,
861 1881 1176 1947 consilium
1207 1882 1322 1948 sibi
1351 1882 1667 1969 capientes,
1699 1881 2023 1947 Missamm
2054 1882 2340 1949 solemnia
2380 1883 2619 1971 publice
2647 1886 2796 1952 cele-

405 1968 593 2049 brare,
624 1970 1024 2056 pristinosque
1068 1970 1220 2033 ritus
1267 1968 1692 2035 ecclesiasticos
1720 1967 2032 2033 observare
2076 1976 2305 2035 curant.
2395 1969 2579 2042 Quod
2623 1975 2799 2039 antea

406 2057 456 2120 si
483 2057 780 2135 fecissent,
812 2056 957 2121 dum
986 2054 1250 2121 Ibernici
1278 2064 1600 2141 magnates,
1634 2061 1880 2141 totaque
1908 2054 2349 2122 catholicorum
2368 2058 2547 2123 factio
2570 2059 2798 2126 viribus

403 2142 683 2229 pollebat,
714 2142 902 2229 Angli
921 2150 1051 2208 toto
1079 2164 1266 2228 regno
1297 2142 1452 2227 pulsi
1481 2142 1754 2207 fuissent.
1842 2142 2015 2209 Tune
2043 2164 2184 2208 vero
2212 2146 2495 2230 temporis
2535 2144 2796 2227 deerant,

402 2230 442 2295 ὲ
469 2228 686 2316 quibus
707 2231 1075 2317 juvarentur,
1106 2240 1169 2294 et
1197 2229 1670 2309 defenderentur,
1701 2228 1844 2295 solae
1892 2251 2033 2295 vero
2074 2230 2485 2297 haereticorum
2512 2234 2797 2317 potentiae

404 2316 725 2383 obstaturae
769 2339 893 2382 non
937 2316 1312 2396 videbantur,
1360 2315 1523 2402 quod
1550 2324 1612 2381 et
1640 2317 1725 2382 rei
1755 2317 1950 2381 exitus
1978 2315 2270 2401 probavit.
2359 2318 2639 2404 Namque
2667 2322 2794 2386 An-

405 2404 541 2490 gliae
584 2404 899 2469 consilium
945 2403 986 2468 J
989 2403 1241 2469 acobum
1293 2402 1692 2469 Steuuardum
1745 2404 1961 2469 Scotiae
2030 2426 2234 2489 regem
2280 2405 2349 2469 in
2398 2427 2574 2470 suum
2616 2408 2796 2473 etiam

401 2512 605 2575 regem
634 2512 867 2554 summa
894 2490 1191 2555 celeritate
1221 2490 1448 2554 ascivit.
1540 2488 1724 2560 Quod
1753 2488 1963 2575 procul
2010 2490 2194 2555 dubio
2224 2512 2531 2577 nunquam
2560 2492 2797 2559 fecisset

400 2586 642 2663 propter
669 2576 1106 2661 antiquissimas
1133 2576 1489 2654 inimicitias,
1520 2597 1654 2661 quae
1698 2574 1917 2661 Anglis
1966 2598 2102 2641 cum
2157 2577 2349 2642 Sectis
2397 2579 2793 2661 intercedunt,

399 2660 1236 2815 terwanense
1263 2683 1542 2833 ffi
1571 2646 2403 2834 {meristaei
2422 2667 2797 2817 {eamn

400 2836 516 2901 lica
565 2835 861 2915 deterreri,
913 2842 976 2899 et
1024 2797 1090 2899 i’n
1139 2833 1476 2919 Anglorum
1523 2798 1878 2898 sententiam
1924 2833 2065 2899 duci
2114 2822 2457 2921 potuerunt,
2488 2844 2550 2901 et
2580 2836 2793 2919 Sectis,

401 2945 658 3009 quorum
685 2922 814 3009 regi
842 2922 1080 3008 Angliae
1109 2928 1409 3006 sceptrum
1426 2920 1797 2986 hereditario
1820 2922 1955 3007 jure
1976 2920 2177 2987 deberi
2204 2921 2537 3003 videbatur,
2558 2922 2794 2990 duabus

403 3010 808 3077 bellimmis
836 3008 1119 3097 gentibus
1145 3005 1634 3095 repugnantibus,
1665 3029 1805 3073 cum
1833 3008 2057 3095 Anglia
2084 3006 2239 3073 male
2265 3008 2447 3074 fuisse
2476 3010 2793 3097 agendum,

407 3120 540 3183 quse
587 3096 798 3184 priscis
849 3118 1088 3183 quoque
1135 3094 1506 3180 temporibus
1563 3094 1794 3161 devicta
1849 3093 1970 3160 illis
2028 3094 2475 3181 obtemperavit.
2564 3096 2609 3162 J
2609 3096 2795 3163 acobo

405 3189 704 3335 fficptrum
755 3190 996 3335 tenentp
1053 3182 1302 3335 Cagpllus
1358 3180 1622 3334 Blmqiltuks²
1678 3204 1816 3247 cum
1854 3183 2081 3334 Vrzgio*
2116 3183 2380 3335 egereitiu
2442 3182 2796 3337 lzplbhllinna

405 3294 751 3457 affl}
817 3293 1010 3423 ἔξεῗιέ
1079 3379 1220 3422 cum
1263 3290 1586 3443 ‘lssgfffiffl‘z
1623 3291 1945 3443 Ἥὲψῑέ
1966 3292 2619 3436 “mmss‘jffl'cssicffiff
2643 3294 2679 3337 ⁰
2732 3382 2795 3425 0-

405 3446 556 3511 mmi
624 3446 944 3531 imaginem
1015 3466 1247 3529 gerens,
1320 3450 1382 3507 et
1454 3442 1788 3522 ostendens,
1858 3444 2099 3543 protegi
2170 3444 2498 3522 confirmat,
2584 3444 2794 3511 Mana-

404 3532 536 3618 pios
586 3531 739 3597 nulli
808 3531 1082 3617 principi,
1157 3530 1262 3615 qui
1331 3528 1697 3595 Catholicam
1765 3530 2115 3616 rehgionem
2172 3537 2362 3609 vexet,
2422 3538 2485 3596 et
2554 3530 2668 3595 affli
2748 3540 2795 3611 t,

404 3618 658 3685 libenter
713 3618 1239 3703 obtemperaturos.
1355 3615 1435 3681 In
1491 3615 1740 3681 eandem
1795 3616 2152 3681 sententiam
2206 3616 2473 3703 loquitur
2526 3616 2627 3681 Fr.
2672 3554 2796 3683 ffi-

405 3706 668 3771 mundus
761 3703 1277 3771 O'Keallachanns
1355 3702 1562 3769 ordine
1651 3701 1774 3768 divi
1864 3701 2187 3783 Dominici,
2279 3704 2372 3768 vir
2463 3704 2794 3785 sanctitate,

407 3800 470 3858 et
540 3792 788 3859 scientia
872 3791 1144 3876 insignis,
1217 3796 1278 3854 et
1347 3790 1530 3855 frater
1619 3788 1928 3854 Candidus
2012 3812 2087 3853 ex
2158 3789 2367 3853 ordine
2453 3789 2575 3855 divi
2646 3790 2791 3857 Ber-

407 3877 578 3946 nardi
633 3878 726 3942 vir
780 3878 1018 3943 hercule
1073 3898 1198 3942 non
1245 3876 1426 3943 modo
1471 3876 1732 3955 nomine,
1777 3874 1882 3941 sed
1927 3876 2106 3941 etiam
2166 3876 2452 3956 doctrina,
2508 3877 2747 3963 pietate,
2758 3882 2789 3962 11
2816 3880 2996 3951 [2003

405 3964 689 4042 moribus,
722 3966 1029 4031 candidus.
1116 3963 1380 4029 Blnntus
1423 3986 1509 4047 “ro
1537 3962 1824 4049 temporis
1852 3964 2162 4049 angustiis,
2192 3968 2255 4027 et
2279 3963 2629 4029 necessitate
2660 3986 2793 4051 quae

407 4054 606 4121 animo
636 4052 918 4137 agitabat,
969 4050 1364 4129 dissimulans,
1439 4050 1624 4115 evitet
1665 4048 1991 4135 religiosos,
2043 4057 2105 4116 et
2154 4048 2458 4115 doctorem
2512 4057 2794 4131 tractans,

406 4140 738 4225 blandeque
785 4138 1166 4224 respondem,
1227 4137 1588 4225 Manapiam,
1637 4143 1699 4202 et
1755 4135 1872 4203 alia
1926 4137 2155 4203 minora
2204 4136 2424 4223 oppida
2478 4138 2689 4223 recipit
2728 4140 2795 4204 in

409 4228 786 4295 deditionem.
877 4224 1160 4291 Oorcachi
1217 4224 1409 4311 majus
1466 4246 1620 4289 onus
1669 4224 1736 4289 in
1787 4224 1902 4290 hoc
1957 4224 2143 4289 interr
2263 4246 2300 4288 o
2358 4224 2790 4290 sustinuerunt.

407 4316 688 4401 Namque
715 4312 1052 4399 Anglorum
1097 4311 1371 4397 prasidio
1430 4310 1676 4396 expulso
1734 4332 1873 4376 cum
1930 4310 2143 4376 Carolo
2258 4310 2527 4375 ulmonto
2557 4310 2793 4377 Mome-

405 4404 638 4469 niarum
685 4406 1047 4487 propraetore
1075 4398 1327 4476 eminus,
1356 4398 1646 4477 cominus,
1678 4398 1752 4463 de
1801 4396 2133 4477 moenibus,·
2148 4420 2257 4483 pro
2301 4419 2491 4477 muro,
2522 4398 2588 4463 in
2615 4406 2795 4484 portu

477 4608 502 4634 ⁶
541 4604 730 4659 white
751 4610 926 4658 wrote
948 4618 1018 4655 an
1043 4605 1278 4685 account
1301 4599 1368 4683 of
1396 4598 1490 4653 the
1529 4599 1712 4653 revolt
1734 4598 1802 4653 of
1827 4598 1923 4683 tbe
1950 4598 2094 4681 Irish
2118 4604 2315 4691 towns.
2392 4600 2445 4653 A
2468 4600 2793 4685 translation

411 4676 594 4801 :123⁶
615 4672 1081 4799 {2⁰:225OE
1089 4670 1656 4814 &affini-1¹52}
1665 4669 1772 4794 {2²0
1785 4670 1972 4793 2⁶1¹,ssss
1999 4686 2067 4793 ‹¹2¹2-
2082 4668 2595 4815 ssssflbtt‘fissfflffi
2607 4670 2797 4811 {¹322}

413 4834 472 4871 aa
495 4817 668 4885 usual,
694 4816 840 4871 their
863 4815 1097 4871 services
1121 4830 1264 4867 were
1289 4813 1569 4885 forgotten
1595 4812 1750 4867 when
1775 4811 1869 4865 the
1895 4812 2101 4883 danger
2126 4812 2234 4865 had
2256 4812 2469 4883 passed.
