3634 5842
393 688 529 734 car.
561 668 680 749 v1.]
889 689 976 733 nn
1004 687 1304 738 Quaruon
1331 687 1554 736 rimus
1579 686 2073 734 Pnnsncu'noms
2102 685 2383 734 poneris.
2648 671 2767 734 277

385 847 629 920 struere,
659 840 997 926 patibulum
1027 841 1267 927 erigere,
1297 841 1516 908 milites
1553 842 1755 908 adesse
1785 840 2077 926 supplicio
2106 840 2420 906 cernendo.
2508 839 2771 906 Felmius

386 949 523 994 cum
551 927 884 1013 intrepidus
941 929 1140 994 animo
1189 935 1250 993 et
1293 928 1466 994 vultu
1515 929 1718 994 hilaris
1745 926 1824 993 ad
1860 947 2157 992 summum
2295 926 2440 991 dum
2482 926 2771 993 scalarum

387 1012 606 1099 quibus
632 1015 699 1079 in
746 1014 974 1080 furcam
1026 1013 1468 1094 ascendebatur,
1512 1015 1718 1098 jussus
1766 1013 2146 1100 pervenisset,
2270 1013 2521 1078 tholicos
2565 1037 2771 1078 omnes

427 1101 492 1166 ui
519 1099 784 1180 aderant,
814 1103 994 1167 etiam
1022 1107 1200 1187 atque
1227 1101 1405 1168 etiam
1433 1103 1810 1167 vehementer
1846 1107 2037 1186 rogat,
2066 1108 2138 1164 nt
2165 1122 2273 1185 pro
2302 1100 2434 1187 ipso
2463 1123 2665 1186 preces
2694 1099 2771 1166 ad

387 1123 587 1252 {eum
616 1187 944 1252 offundant.
1033 1187 1184 1254 Mox
1225 1188 1308 1254 im
1389 1188 1503 1253 sito
1532 1187 1747 1274 laqueo
1774 1186 1951 1265 collo,
1980 1209 2015 1251 e
2044 1186 2199 1252 scala
2225 1185 2543 1252 devolutus
2570 1210 2607 1252 a
2646 1193 2769 1253 tor-

385 1280 534 1354 tore,
564 1273 860 1360 paulisper
887 1275 1142 1362 pendet:
1173 1297 1298 1340 non
1342 1297 1444 1341 um
1463 1273 1616 1340 bene
1643 1273 2051 1360 strangulatus
2078 1273 2261 1338 scisso
2288 1274 2433 1338 fune
2460 1274 2528 1339 in
2552 1279 2771 1339 terram

388 1359 729 1441 dimittitur,
778 1359 886 1426 nbi
1062 1359 1190 1426 ‘bus
1241 1381 1370 1428 sese
1417 1361 1685 1461 accepit:
1737 1359 2028 1446 illumque
2085 1359 2343 1424 camifex
2400 1365 2771 1446 prosternere

386 1445 604 1546 frustra
632 1454 900 1528 conatur,
970 1470 1120 1514 onec
1167 1447 1270 1514 alii
1313 1455 1434 1514 tres
1481 1448 1570 1514 ilh
1619 1447 1861 1512 veniant
1876 1534 1887 1546 ·
1905 1445 2145 1545 auxilio,
2174 1443 2338 1533 quod
2380 1468 2613 1533 magnae
2653 1448 2773 1514 fuit

386 1533 718 1600 astantibus
745 1534 1120 1601 admirationi
1154 1535 1304 1618 (erat
1332 1535 1492 1602 enim
1519 1533 1748 1600 viribus
1774 1532 2026 1612 validus,
2068 1539 2227 1599 slcut
2274 1539 2335 1598 et
2384 1531 2622 1619 elegans
2650 1539 2771 1600 sta·

384 1623 524 1686 tura
547 1621 814 1707 facieque
839 1621 1116 1709 pulcher)
1137 1621 1298 1686 illico
1315 1622 1444 1773 εἷπε
1461 1621 1744 1708 pudenda
1769 1619 1974 1686 evulsa
1999 1626 2190 1684 tortor
2215 1619 2282 1684 in
2310 1619 2510 1704 ignem
2541 1620 2769 1706 dejicit3

383 1714 638 1793 postque
685 1729 838 1773 meo
885 1715 1092 1774 ventre
1139 1707 1258 1774 ilia.
1385 1707 1758 1774 *ihilominus
1807 1713 2033 1792 martyr
2077 1705 2331 1774 eundem
2380 1706 2503 1771 laeti
2548 1706 2769 1785 vultus,

382 1795 546 1860 vocis
575 1815 708 1880 quae
735 1792 1006 1860 habitum
1048 1815 1358 1881 nunquam
1405 1795 1679 1874 mutavit,
1729 1794 2068 1860 Catholicos
2116 1815 2345 1879 semper
2384 1794 2668 1878 rogitans,
2700 1801 2771 1858 ut

381 1879 582 1967 ipsnm
610 1881 975 1948 orationibus
1017 1882 1333 1967 juvarent:
1375 1879 1899 1948 circumstantibus
1948 1901 2087 1946 cum
2135 1879 2251 1945 hoc
2290 1901 2567 1966 magnam
2609 1902 2769 1945 com-

381 1967 571 2034 movit
597 1967 1062 2049 admirationem,
1092 1974 1225 2034 tum
1273 1973 1444 2034 terrae
1485 1973 1686 2033 motus
1731 1973 1901 2032 ortus
1949 1965 2092 2032 dum
2144 1972 2367 2053 martyr
2407 1965 2771 2032 afficiebatur

381 2053 672 2140 supplicio
716 2053 1022 2140 ingentem
1071 2059 1356 2120 terrorem
1409 2054 1682 2120 incussit.
1779 2053 1934 2118 Cum
1990 2053 2253 2118 carnifex
2308 2060 2518 2139 pectus
2574 2053 2767 2119 cultro

381 2146 622 2220 secaret,
653 2146 976 2206 extremam
1000 2162 1208 2206 vocem
1265 2140 1462 2206 emisit
1488 2139 1930 2206 Catholicorum
1959 2139 2255 2204 orationes
2281 2139 2604 2226 implorans
2644 2145 2767 2205 tor-

377 2233 686 2314 toremque
713 2233 922 2313 petens
948 2233 1020 2293 ut
1047 2227 1296 2294 celerius
1345 2249 1564 2292 munus
1604 2227 1899 2313 impleret.
1982 2224 2249 2292 Tandem
2277 2226 2453 2291 corde
2482 2248 2517 2291 a
2542 2230 2769 2292 tortore

377 2313 600 2392 evulso,
629 2314 696 2379 in
731 2314 1147 2400 flammamque
1171 2314 1440 2402 projecto
1468 2313 1734 2380 Creatori
1763 2314 2039 2400 spiritum
2066 2311 2325 2380 reddidit
2351 2312 2605 2378 Leffiriae
2652 2315 2765 2380 27⁰

378 2399 476 2466 die
526 2398 908 2486 Septembris,
936 2400 1098 2465 ΑΔ).
1153 2403 1342 2469 1608.
1428 2399 1557 2466 Sub
1601 2399 1761 2468 idem
1805 2408 2043 2486 tempns
2088 2399 2397 2466 Johannes
2446 2399 2767 2466 O'Kahani

377 2485 555 2586 filius,
587 2486 694 2637 gui
721 2485 1062 2586 huiebello·
1091 2487 1364 2552 interfuit
1420 2485 1671 2586 similem
1701 2493 1954 2587 mortem
1966 2486 2219 2587 ‘cogitur
2245 2485 2445 2552 subire
2473 2485 2765 2572 Dungan-

377 2595 556 2758 ἓξὲξ
628 2580 1376 2758 ffigffflgfflffi
1415 2573 1805 2756 cffieffiffld
1856 2573 2768 2757 mffssfflsseuffififfiffl

375 2751 560 2812 vitam
589 2753 650 2810 et
678 2744 1069 2810 ecclesiastica
1096 2743 1378 2810 beneficia
1425 2753 1498 2809 ut
1547 2743 1915 2810 Cathohcam
1943 2744 2246 2810 ecclesiam
2276 2745 2588 2824 desereret,
2632 2744 2765 2830 pol-

376 2831 609 2898 licetur.
696 2830 894 2902 Quam
923 2831 1322 2896 conditionem
1352 2852 1488 2897 cum
1517 2828 1794 2896 Donatus
1851 2832 2265 2896 incunctanter
2292 2832 2761 2916 contempsisset,

379 2918 647 3020 patibulo
675 2939 998 3004 suspensus
1045 2917 1112 2982 in
1159 2917 1424 2984 membra
1467 2917 1774 2983 dividitur.
1862 2918 1979 2982 Per
2008 2917 2244 2983 cosdem
2275 2917 2400 2984 dies
2429 2917 2529 2982 alii
2555 2917 2763 2984 multis

379 3028 446 3071 m
472 3006 620 3072 locis
647 3003 852 3072 eadem
903 3005 978 3070 de
1023 3005 1203 3070 causa
1250 3011 1442 3071 morte
1489 3003 1853 3090 plectuntur.
1939 3003 2329 3091 Baymundus
2359 3002 2767 3070 O’Mellarcus

378 3092 692 3192 praefectus
761 3091 1098 3158 revincialis
1126 3091 1350 3158 ordinis
1379 3091 1686 3178 Serapbici
1711 3091 1778 3157 in
1805 3089 2067 3171 Ibernia,
2108 3091 2215 3177 qui
2256 3089 2469 3157 iisdem
2494 3089 2765 3157 motibus

377 3179 668 3260 interfuit,
742 3181 806 3244 'u
849 3177 1301 3264 diligentissime
1349 3178 1428 3245 ab
1471 3177 1712 3264 Anglis,
1741 3179 2087 3244 centurione
2131 3185 2193 3244 et
2242 3179 2485 3266 optione
2511 3179 2763 3244 circum·

377 3267 632 3332 venitur.
721 3265 907 3332 Hunc
935 3267 1142 3332 stricto
1189 3266 1452 3354 pugione
1500 3266 1841 3331 confossum
1876 3265 2239 3352 prosternit3
2282 3265 2371 3332 illi
2395 3265 2539 3334 facit
2568 3266 2763 3352 optio-

378 3373 516 3418 nem
544 3359 748 3418 utrnm
775 3353 944 3418 malit
971 3353 1127 3418 ferro
1155 3353 1446 3438 cumipse
1473 3352 1775 3438 congredi,
1805 3375 1885 3416 an
1909 3353 2109 3438 ipsum
2134 3351 2389 3418 liberum
2410 3351 2759 3418 dimittere?

379 3437 662 3504 Centurio
691 3439 1020 3504 consultius
1048 3461 1174 3504 esse
1195 3437 1444 3524 judicat,
1473 3439 1803 3524 periculum
1832 3439 2071 3518 evitare,
2089 3459 2267 3525 quam
2294 3439 2467 3504 illum
2494 3439 2761 3524 aggredi,

381 3523 1468 3698 ‘¹⁰³·0¹1¹2¹1}„⁰”3001⁸⁶1m‘¹33¹31²⁸11¹32²⁸pmm¹¹³
1414 3523 1927 3676 “fmmfiiffissibi
1946 3525 2334 3677 {³33⁶ss
2348 3525 2497 3677 ἕω
2529 3524 2763 3696 ἒᾎίῗῗὲ

379 3631 704 3784 Εἶραιιῑοὸ
733 3697 952 3784 scripta
978 3696 1168 3763 vidi*
1754 3659 1774 3691 '
2410 3633 2527 3698 Ψ

449 3961 474 3990 ‘
516 3959 638 4015 The
678 3958 835 4014 Four
877 3958 1116 4014 Mutare
1157 3966 1320 4022 state,
1353 3958 1414 4012 in
1451 3959 1696 4030 general,
1739 3957 1916 4012 “that
1956 3966 2016 4012 at
2055 3956 2165 4011 this
2202 3957 2335 4012 time
2376 3975 2536 4029 many
2570 3958 2638 4012 of
2665 3958 2757 4014 the

376 4029 1190 4174 ggeffllpfsshegprovince,
1231 4038 1328 4086 too
1370 4045 1664 4085 numerous
1706 4037 1765 4084 to
1805 4029 1875 4082 be
1912 4027 2354 4102 particularum,
2378 4047 2521 4084 were
2562 4037 2663 4100 put
2696 4038 2757 4084 to
