3634 5842
857 720 937 779 92
1222 711 1638 777 o’suumvam
1683 730 1998 775 mamam
2042 729 2430 788 cai-nomem,
2476 729 2626 774 rou.
2674 730 2748 774 11.
2932 710 3089 793 [ue.
3134 728 3240 771 111.

857 889 923 953 hi
957 886 1120 964 victi,
1152 884 1570 971 profligatique
1591 882 2029 969 quinquaginta
2056 892 2192 949 omn
2222 884 2502 971 praefecto
2524 908 2634 957 suo
2665 882 3022 949 Goodmano
3052 880 3265 946 amise-

859 980 1026 1041 runt.
1116 970 1258 1038 Sine
1290 972 1508 1057 majore
1537 971 1923 1035 contentione
1966 971 2278 1037 Cornelius
2322 972 2658 1057 Anglorum
2694 972 2843 1036 iram
2893 970 2959 1034 in
3004 966 3265 1033 Galliam

861 1062 1102 1147 fugiens
1146 1083 1181 1124 a
1209 1057 1714 1124 christianissimo
1765 1078 1926 1143 rege,
1974 1058 2335 1124 validissimo
2385 1060 2652 1125 exercitu
2698 1066 2758 1124 et
2801 1054 3267 1121 instructissima

699 1162 845 1229 [80.]
866 1149 1050 1214 classe
1077 1147 1506 1223 restitueretur,
1529 1145 1648 1209 nisi
1671 1144 1852 1209 homo
1882 1146 2079 1231 segnis
2098 1152 2161 1209 et
2180 1145 2593 1232 improvidus*
2634 1144 2710 1211 ab
2741 1142 2993 1230 Anglisss
3026 1164 3263 1208 revoca-

866 1244 966 1302 tus
993 1232 1301 1299 maluisset
1328 1233 1456 1297 sine
1485 1231 1867 1297 contentione
1895 1232 2216 1317 pristinum
2242 1231 2593 1298 comitatum
2614 1231 2897 1318 accipere,
2928 1251 3109 1315 quam
3136 1251 3265 1293 mo-

865 1324 1024 1388 riens
1073 1320 1320 1385 tradidit
1365 1318 1488 1383 filio
1539 1318 1853 1404 Dionysio,
1913 1342 1949 1384 a
2001 1341 2119 1405 quo
2176 1342 2339 1384 nunc
2398 1342 2635 1406 quoque
2688 1318 3051 1419 possidetur.
3167 1315 3265 1380 De

866 1410 1031 1475 Dion
1077 1408 1166 1473 sio
1224 1406 1386 1485 vero,
1417 1412 1585 1469 tomo
1659 1428 1722 1471 se
1763 1411 1944 1472 uente
2014 1428 2127 1473 nos
2198 1406 2417 1492 saepius
2487 1406 2839 1473 habebimus
2912 1424 3265 1469 sermonem.

868 1431 1167 1562 O'Nellus
1196 1500 1397 1560 antem
1425 1499 1633 1592 postea
1756 1492 2081 1593 ponellnm
2110 1493 2363 1558 vinculis
2398 1494 2593 1560 solvit.
2684 1493 2803 1559 His
2831 1489 3095 1593 motibus
3125 1512 3266 1590 cum

867 1588 1258 1733 mepta?
1289 1578 1867 1733 {aaran}
1896 1580 2476 1753 &humida
2506 1578 3117 1735 &maara
3130 1577 3273 1729 ,ἐξ

864 1693 1125 1843 gibliietin,
1155 1691 1546 1839 hgiesimque
1573 1752 2053 1827 stabiliendam.†

1918 2214 2098 2279 CAP.
2146 2214 2226 2279 X.

1221 2389 1309 2444 De
1335 2390 1519 2445 Maria
1547 2390 1784 2463 Regina,
1812 2400 1869 2445 et
1898 2390 2264 2447 O'Gonchure
2300 2390 2554 2464 Opbalio,
2574 2399 2630 2446 et
2658 2391 2941 2446 O'Morra.

879 2547 1182 2614 Henmoo
1209 2554 1272 2615 et
1299 2550 1578 2615 Edvardo
1608 2574 1644 2615 a
1671 2550 1796 2615 vita
1824 2551 2010 2637 raptis
2040 2551 2237 2618 Maria
2264 2551 2571 2617 Catholica
2612 2550 2819 2637 regina
2860 2548 3141 2637 Philippo
3170 2550 3269 2616 Π.

879 2634 1308 2720 Hispaniarum
1336 2637 1592 2724 principi
1634 2644 1827 2789 nlllapta
1853 2660 2101 2724 regnare
2142 2641 2340 2726 coepit.
2432 2638 2587 2711 Quae
2614 2640 2851 2703 tametsi
2900 2637 3266 2703 catholicam

877 2721 1224 2807 religionem
1253 2726 1404 2789 tueri
1438 2738 1499 2789 et
1527 2747 1665 2810 amp
1693 2724 1705 2737 ⁰
1751 2748 1885 2791 care
1913 2733 2126 2793 conata
2154 2733 2284 2806 est;
2328 2726 2455 2812 ejus
2496 2732 2699 2791 tamen
2740 2725 3005 2811 praefecti
3034 2730 3095 2790 et
3122 2748 3265 2789 con-

877 2809 1080 2874 siliarii
1109 2812 1366 2897 enjurias
1397 2812 1631 2879 Ibernis
1659 2812 1877 2879 inferre
1918 2836 2043 2878 non
2088 2813 2481 2879 destiterunt:
2525 2814 2545 2877 i
2592 2812 2760 2898 sique
2788 2812 2997 2877 Iberni
3030 2812 3125 2896 (eo
3152 2810 3261 2876 illa

875 2902 1228 2983 tempestate
1258 2898 1586 2984 agebantur
1614 2900 1839 2983 furore)
1873 2900 1974 2965 alii
2002 2900 2149 2967 alios
2180 2900 2515 2966 domesticis
2591 2900 2603 2912 '
2638 2898 2853 2964 coi-diis
2880 2896 3263 2965 lacessebant.

880 2982 1050 3054 Quas
1109 2986 1270 3050 inter
1295 2985 1773 3072 perturbationes
1804 2985 2099 3073 Ophaliae,
2146 2995 2207 3052 et
2252 2987 2435 3053 Lisiae
2476 2986 2844 3074 principatus
2874 2985 3265 3051 O'Conchuri

875 3076 936 3133 et
966 3069 1042 3133 Ο)
1047 3070 1118 3134 Μ
1118 3093 1268 3136 orrae
1297 3072 1558 3158 adempti
1585 3074 1765 3172 regiae
1793 3096 2027 3140 coronae
2056 3074 2489 3161 adjudicantur,
2517 3096 2677 3139 novo
2704 3073 2945 3138 nomine
2974 3073 3137 3152 dicti,
3166 3072 3267 3136 hic

873 3154 1078 3241 Regia,
1109 3157 1212 3221 ille
1234 3158 1480 3242 Reginae
1508 3161 1832 3245 provmcia.
1924 3160 2043 3225 Sed
2130 3167 2330 3247 ropter
2378 3168 2698 3246 utrumque
2726 3160 2844 3225 fuit
2878 3166 3084 3246 postea
3110 3159 3269 3224 mul-

873 3248 1008 3305 tum
1036 3242 1264 3307 cruoris
1293 3244 1574 3309 diffusum
1598 3274 1616 3324 ς
1661 3269 1728 3311 ac
1757 3245 1924 3313 Lisia
1974 3249 2077 3331 qui
2120 3270 2215 3313 em
2260 3248 2354 3313 bis
2398 3246 2473 3312 ab
2504 3246 2805 3313 O'Morris
2833 3252 3176 3333 recuperata
3202 3252 3267 3310 et

871 3328 1114 3393 tandem
1143 3328 1508 3395 Elizabethae
1553 3331 1877 3417 diplomate
1912 3332 2207 3401 Oalvacho
2238 3334 2538 3400 O'Morroe
2564 3333 2868 3421 permissa,
2900 3333 3059 3419 quod
3088 3332 3269 3398 hodie

869 3422 1069 3479 tamen
1097 3415 1186 3480 illi
1217 3416 1461 3482 minime
1492 3419 1754 3505 prodest.

940 3592 964 3619 *
982 3598 1019 3625 “
1037 3590 1104 3644 In
1130 3594 1406 3719 ewen-in}
1427 3592 1728 3666 allegiance
1753 3596 1909 3651 A.D.
1945 3599 2101 3662 1572,
2128 3599 2197 3653 he
2221 3600 2332 3654 had
2364 3600 2643 3671 promised
2668 3607 2725 3653 to
2750 3599 2992 3654 advance
3016 3598 3125 3654 and
3148 3598 3271 3653 fur-

873 3662 998 3715 ther
1034 3662 1130 3717 the
1150 3663 1310 3719 Book
1336 3684 1369 3719 o
1415 3666 1682 3720 Common
1709 3667 1972 3741 Prayer.”

938 3736 967 3801 1*
988 3734 1082 3787 Au
1109 3734 1200 3789 the
1225 3746 1413 3793 events
1437 3736 1707 3793 recorded
1731 3740 1865 3795 here
1892 3742 2023 3798 took
2049 3742 2206 3813 place
2226 3742 2401 3797 under
2426 3742 2590 3815 Mar-y
2614 3743 2723 3797 and
2738 3742 3052 3797 Elizabetb.
