3634 5842
404 731 541 777 car.
585 711 681 794 x.]
995 734 1080 779 nn
1123 734 1324 781 annno
1371 736 1736 787 Qurnnnem
1781 738 2115 785 Annonem.
2655 721 2779 785 183

403 884 476 951 de
505 907 624 970 quo
653 888 922 972 superius
951 888 1312 955 mentionem
1341 890 1606 973 fecimus,
1635 897 1697 955 et
1737 914 1771 956 a
1801 891 2021 957 Fiacha
2069 891 2376 957 O’Bruine
2400 890 2691 971 occultus,
2722 899 2783 957 et

401 972 666 1037 nutritus
714 995 834 1039 una
879 996 1016 1039 cum
1061 976 1240 1041 fratre
1283 976 1606 1043 Edmundo
1634 1000 1674 1043 a
1696 977 1901 1044 Fiachi
1949 979 2086 1043 filiis
2114 979 2179 1043 in
2207 976 2430 1043 Lisiam
2460 978 2784 1058 mittitur,·¹¹'

399 1058 671 1124 nondum
699 1066 872 1126 aetate
901 1061 1044 1127 satis
1071 1060 1228 1127 bello
1255 1066 1578 1146 maturum}
1613 1063 1720 1130 ubi
1739 1065 2121 1131 auxiliaribus
2141 1064 2484 1151 gentilibus,
2513 1072 2575 1129 et
2602 1066 2783 1151 patris
2806 1068 2987 1137 [146]

403 1144 677 1211 obaeratis
703 1146 949 1235 aliquot,
977 1148 1159 1214 Lisiae
1179 1150 1594 1236 principatum,
1625 1152 1916 1239 majorum
1959 1174 2203 1217 suorum
2231 1151 2636 1217 haereditatem
2662 1152 2783 1217 hae-

401 1232 598 1297 reticis
649 1233 906 1299 adimere
950 1241 1160 1301 tentat.
1249 1235 1349 1301 Ad
1395 1237 1522 1323 ejus
1567 1260 1753 1303 novos
1803 1245 2003 1305 motus
2051 1238 2503 1325 supprimendos
2547 1237 2783 1303 obviam

394 1320 636 1385 veniens
689 1320 1050 1386 Warhamus
1101 1322 1404 1389 Salincher
1454 1324 1633 1389 Lisioe
1687 1326 2001 1411 praefectus
2098 1326 2437 1411 repulsatur
2495 1324 2783 1390 militibus

393 1406 623 1471 circiter
678 1409 1018 1493 quingentis
1062 1409 1356 1484 amissis.†
1441 1410 1538 1475 Ex
1564 1411 1640 1475 iis
1667 1434 1800 1497 quoe
1830 1348 2097 1477 Russelli)
2119 1420 2180 1477 et
2208 1411 2271 1476 N
2274 1411 2474 1476 orrisis
2516 1417 2783 1497 tempore

391 1494 454 1557 in
511 1492 750 1560 Ibernia
794 1502 962 1580 gesta
1013 1502 1175 1575 sunt,
1205 1496 1333 1562 haec
1378 1498 1714 1598 perstrinn',
1787 1499 1851 1563 ui
1898 1498 2179 1598 quoniam
2228 1498 2427 1564 minus
2478 1500 2781 1583 auspicato

391 1579 615 1645 bellum
661 1581 1168 1662 administrabant,
1197 1582 1446 1669 imperio
1494 1591 1636 1649 sunt
1679 1520 1935 1651 abdicati
1978 1607 2313 1651 successore
2341 1584 2503 1664 dato,
2532 1591 2593 1649 et
2621 1583 2781 1650 Nor-

321 1716 326 1726 .
393 1668 497 1732 risi
527 1668 969 1734 Momoniarum
997 1670 1346 1756 praefectura
1365 1670 1588 1750 relicta,
1609 1692 1729 1758 quo
1747 1693 1990 1737 munere
2006 1672 2263 1757 fungens
2280 1672 2439 1736 intra
2458 1672 2783 1737 triennium

394 1755 1396 1927 ‘iffioffidlgffssffinissffffi
1427 1758 1715 1910 ⁰1³5?ss
1740 1762 1830 1910 ἔξω
1843 1758 2312 1911 Ἲῗέῗθέἓῗέἑὲ
2331 1757 2782 1911 ῗῖἓωῇῗῗέῗ

395 1928 670 1995 conclave
697 1930 1016 2017 improviso
1057 1931 1260 2011 intrat,
1293 1868 1550 2016 qudclilm
1591 1868 2002 2011 Noiris,rfudo
2030 1932 2256 2012 relicto,
2287 1868 2415 1997 siise
2442 1932 2509 1998 in
2536 1868 2780 1999 ‹ffibicu-

393 2015 519 2080 lum
549 2016 794 2096 abdidit,
825 2018 1037 2083 amotis
1065 2016 1301 2083 arbitris
1323 2025 1541 2119 praeter
1568 2040 1758 2083 unum
1778 2042 2030 2105 puerum
2061 2020 2166 2105 qui
2189 2020 2362 2105 juxta
2390 2019 2611 2084 ostium
2628 2020 2779 2084 clam

395 2104 720 2169 consistens
748 2103 1113 2190 colloquium
1141 2102 1384 2185 audivit,
1418 2104 1580 2192 quod
1608 2106 1967 2192 hujusmodo
1996 2106 2179 2171 fuisse
2206 2107 2482 2172 traditur.
2567 2105 2779 2191 Niger,

396 2194 416 2224 ‘
436 2189 695 2277 Tempus
724 2190 854 2271 est,’
884 2192 1100 2277 inquit,
1156 2198 1176 2227 ‘
1196 2198 1265 2257 ut
1311 2192 1640 2259 rationibus
1668 2194 1888 2258 nostris
1918 2216 2211 2259 summam
2238 2208 2485 2259 manum
2512 2193 2780 2279 impona-

392 2278 566 2342 mus.'
657 2284 678 2313 ‘
695 2276 884 2357 Noli,’
914 2279 1114 2364 inquit
1139 2278 1373 2359 Norris,
1407 2279 1511 2345 ‘id
1539 2280 1748 2361 facere,
1780 2280 1971 2347 donec
2000 2280 2345 2346 Ibernicum
2386 2278 2611 2345 bellum
2639 2302 2779 2345 con·-

399 2363 618 2429 fectum
669 2364 1113 2450 relinquamur!
1204 2373 1224 2402 ‘
1243 2366 1434 2431 Nullo
1484 2367 1704 2446 modo,’
1732 2367 1933 2453 inquit
1958 2366 2079 2447 ille,
2141 2372 2161 2402 ‘
2182 2366 2408 2433 diutius
2437 2365 2780 2453 expectab0,

391 2454 532 2537 quia
559 2452 886 2519 constituta
913 2453 1038 2518 dies
1060 2454 1184 2539 jam
1212 2454 1430 2520 cessit?
1516 2454 1667 2520 Mox
1696 2455 1979 2540 strepitus
2005 2455 2219 2540 ingens
2249 2460 2440 2532 sonat,
2469 2476 2591 2539 quo
2632 2454 2781 2518 moti

390 2537 616 2603 lusores
645 2545 706 2603 et
735 2537 1064 2617 domestici,
1095 2561 1232 2604 cum
1262 2539 1604 2606 cubiculum
1651 2540 1880 2609 foribus
1926 2541 2178 2606 effractis
2228 2540 2478 2626 ingressi
2505 2540 2778 2619 fuissent,

391 2624 606 2711 Nigro,
657 2624 760 2709 qui
809 2625 956 2709 quin
1000 2624 1290 2690 Diabolus
1339 2626 1519 2691 fuerit
1560 2648 1686 2691 non
1714 2626 2043 2706 dubitatur,
2073 2626 2287 2692 nullibi
2336 2634 2588 2712 reperto,
2619 2626 2780 2691 Nor-

389 2712 597 2776 rissem
623 2712 980 2775 invenerunt
1008 2710 1260 2795 genibus
1285 2712 1524 2791 flexum,
1556 2713 1708 2778 collo
1750 2735 1825 2777 ue
1854 2720 1915 2778 et
1944 2714 2167 2779 cervice
2192 2714 2279 2778 ita
2306 2719 2551 2792 tortum,
2581 2720 2655 2777 ut
2682 2735 2781 2777 oc-

391 2798 556 2883 ciput
585 2798 813 2883 pectori
861 2804 921 2862 et
964 2820 1031 2862 os
1061 2798 1236 2863 dorso
1257 2799 1608 2879 immineret,
1639 2822 1668 2863 s
1773 2798 1968 2865 adhuc
1997 2798 2219 2877 vivum,
2250 2806 2431 2884 atque
2470 2798 2782 2885 jubentem

388 2891 708 2949 aeneatores
738 2883 1010 2951 tibicines
1039 2891 1102 2949 et
1127 2886 1514 2985 tympanistae
1560 2888 1891 2965 convocari,
1936 2892 2010 2951 ut
2056 2886 2245 2971 ipsius
2294 2894 2547 2951 mortem
2598 2891 2781 2951 cantu

390 2970 772 3051 celebrarent,
804 2970 1023 3057 quibus
1052 2971 1402 3038 canentibus
1447 2972 1604 3038 intra
1634 2971 1940 3038 dimidiam
1967 2973 2174 3038 horam
2203 2973 2461 3037 animam
2488 2971 2778 3058 profudit.

389 3056 538 3143 Ejus
569 3081 784 3145 corpus
813 3057 1175 3124 aromatibus
1204 3064 1382 3145 atque
1423 3060 1904 3145 fragrantissimis
1946 3059 2229 3124 odoribus
2258 3064 2529 3125 curatum
2554 3058 2622 3123 in
2650 3059 2778 3123 An·-

391 3146 571 3230 gliam
616 3144 986 3211 transfertur.
1077 3145 1272 3217 Quem
1325 3168 1436 3233 ego
1487 3168 1690 3212 casum
1739 3146 2024 3213 memori&
2071 3152 2345 3231 repetens
2372 3144 2648 3232 equidem
2676 3144 2776 3211 de·

392 3233 613 3297 mentia
660 3233 1072 3298 haereticorum
1123 3231 1474 3320 obstupefi0,
1505 3233 1769 3313 cadaver,
1800 3233 2062 3299 hominis
2109 3233 2279 3319 impii
2306 3232 2531 3298 honore
2556 3255 2777 3319 magno

392 3318 731 3397 colentium,
762 3342 926 3385 sacra
953 3342 1092 3385 vero
1123 3319 1394 3386 divorum
1421 3328 1748 3408 martyrum
1775 3321 2087 3385 inhumata
2101 3320 2562 3471 firojicienfium.
2602 3320 2779 3385 Licet

391 3406 568 3469 etiam
597 3406 798 3492 colligi
826 3413 1109 3492 quantam
1125 3406 1292 3473 Deus
1314 3409 1577 3493 optimus
1605 3408 1899 3473 maximus
1927 3406 2005 3472 O’
2007 3406 2074 3471 N
2074 3430 2107 3472 e
2152 3430 2191 3472 o
2218 3406 2509 3493 praelianti
2539 3428 2777 3493 operam

394 3492 616 3572 tulerit,
650 3494 753 3579 qui
781 3515 908 3558 non
935 3494 1114 3559 modo
1143 3494 1503 3574 Norrissem,
1532 3494 1951 3581 peritissimum
1983 3495 2319 3579 Anglorum
2347 3494 2778 3581 imperatorem,

393 3580 556 3643 omni
627 3580 891 3665 ugnandi
919 3588 1206 3679 apparatu
1233 3583 1616 3667 superiorem,
1635 3604 1792 3667 saepe
1817 3602 1927 3667 pro
1976 3581 1989 3593 '
2070 3581 2239 3658 verit,
2264 3580 2369 3645 sed
2384 3581 2584 3667 ipsum
2601 3579 2779 3645 etiam

391 3602 730 3745 Diabofum,
763 3668 868 3753 qui
893 3666 984 3731 illl
1012 3690 1086 3732 ex
1113 3674 1288 3753 pacto
1314 3668 1496 3733 fuisse
1525 3668 1853 3755 opitulatus
1881 3688 1979 3732 cre
2026 3668 2160 3745 'tur,
2188 3667 2416 3732 vicerit.

465 3940 488 3965 ⁸
527 3936 843 4011 According
867 3945 926 3991 to
950 3937 1044 3992 the
1069 3936 1224 3992 Four
1249 3936 1505 4001 Masters,
1533 3938 1704 3993 Owen
1731 3936 1861 3991 Mac
1878 3936 2038 4008 Rory
2067 3935 2333 3991 O'Moore
2352 3936 2463 3991 had
2485 3939 2781 3993 recovered

392 4007 478 4061 bis
501 4009 764 4081 territory
787 4008 897 4063 and
918 4006 1055 4062 elain
1078 4008 1174 4063 the
1196 4016 1306 4063 two
1334 4008 1557 4063 Oosbies
1579 4008 1768 4064 before
1791 4008 1887 4062 the
1911 4006 2075 4062 death
2112 4008 2178 4063 of
2208 4007 2383 4062 Fiach
2421 4008 2695 4081 O'Byrne,
2720 4027 2775 4083 p.

395 4079 537 4139 2⁰07
559 4101 576 4145 ς
614 4080 729 4134 aleo
753 4080 1048 4151 Dmoling's
1091 4079 1312 4135 Amata.

466 4154 498 4219 1·
535 4150 814 4223 Probably
835 4152 930 4205 the
952 4150 1126 4207 battle
1147 4150 1416 4206 recorded
1429 4151 1489 4204 in
1511 4150 1606 4205 the
1629 4150 1785 4206 Four
1799 4150 2040 4205 Mamm
2052 4148 2241 4205 before
2255 4149 2423 4216 June,
2443 4150 2597 4206 A.D.
2624 4153 2779 4215 1598,

391 4222 448 4275 in
473 4221 648 4277 which
672 4226 782 4277 410
804 4223 1050 4289 soldiers,
1069 4222 1235 4295 lately
1257 4222 1475 4279 arrived
1496 4221 1644 4277 from
1666 4220 1947 4295 England,
1970 4238 2114 4277 were
2138 4221 2274 4275 slain
2311 4240 2383 4275 on
2417 4221 2511 4276 the
2548 4222 2777 4277 borders

393 4293 458 4346 of
475 4293 745 4349 Leinster.
788 4294 944 4365 They
958 4294 1156 4348 lauded
1177 4301 1236 4347 at
1261 4294 1622 4366 Dungarvan,
1636 4294 1744 4348 and
1758 4311 1902 4347 were
1920 4291 2203 4365 marching
2227 4300 2286 4347 to
2310 4292 2469 4347 assist
2496 4292 2777 4349 Ormonde

391 4363 450 4418 in
472 4365 557 4419 his
581 4365 892 4438 expedition
917 4364 1130 4437 against
1155 4364 1314 4420 Leix.

462 4437 494 4504 :t
531 4435 686 4490 Aa).
719 4439 875 4500 1597,
901 4444 1146 4492 autumn.
1218 4436 1500 4491 Lombard
1514 4435 1786 4490 describes
1803 4435 1889 4489 his
1905 4434 2087 4497 death,
2103 4452 2159 4505 p.
2183 4434 2307 4497 397,
2332 4434 2434 4489 but
2469 4434 2603 4489 with
2636 4452 2777 4490 none

391 4506 458 4561 of
474 4507 568 4561 the
593 4508 1011 4579 extraordinary
1037 4508 1230 4562 details
1270 4508 1432 4581 given
1473 4507 1624 4561 here.
1699 4506 1806 4561 His
1847 4505 2048 4560 wound
2070 4522 2235 4559 never
2258 4504 2488 4576 perfect]
2566 4504 2776 4570 bealed,

389 4578 498 4631 and
539 4579 830 4633 concealed
871 4579 1114 4652 through
1153 4579 1330 4651 pride,
1371 4578 1635 4649 suddenly
1671 4576 1948 4633 mortified
1985 4576 2096 4629 and
2116 4576 2357 4630 reduced
2380 4576 2463 4631 his
2526 4576 2633 4649 ody
2656 4585 2717 4631 to
2743 4596 2778 4632 a

389 4666 538 4705 mm
559 4648 626 4703 of
639 4650 1025 4721 putrefaction.
1095 4650 1164 4705 In
1192 4650 1298 4705 Bel
1339 4649 1470 4713 ‘um,
1495 4648 1650 4705 when
1686 4646 2068 4720 commanding
2090 4646 2183 4701 the
2220 4646 2311 4701 En
2348 4646 2457 4703 lish
2479 4656 2687 4720 troops,
2706 4648 2777 4703 he

390 4720 504 4844 hag
525 4720 708 4845 ‘mide
725 4722 820 4776 the
860 4722 1140 4777 cathedral
1184 4721 1250 4777 of
1350 4720 1548 4786 eehlin,
1591 4719 1881 4790 destroyed
1918 4720 2013 4774 the
2036 4718 2219 4773 shrine
2242 4736 2311 4775 an
2386 4720 2659 4775 scattered
2682 4720 2777 4776 the

399 4808 460 4844 re
483 4792 560 4844 ‘cs
583 4808 618 4844 o
713 4800 754 4846 t.
777 4792 1041 4853 Rumold.
