3634 5842
925 736 1002 798 70
1351 735 1766 801 O'SULLEVANI
1810 756 2126 801 insitos-ils
2170 752 2736 816 caruoL1cAE,‚rou.
2771 752 2843 795 11.
3058 732 3211 816 [mi.
3246 752 3293 795 1.

917 906 1186 991 quotidie
1215 908 1544 973 concitatis.
1615 908 1728 973 ‚De
1758 932 2017 995 quarum
2068 930 2265 975 reruni
2312 912 2481 993 parte
2528 904 2926 971 meminerunt
2966 904 3060 971 hae
3086 904 3299 970 litterae

913 992 957 1056 J
959 994 1208 1058 ohannis
1237 996 1453 1059 summi
1473 996 1771 1081 pontificis
1799 996 1877 1061 ad
1904 994 2265 1073 Edvardum,
2310 992 2549 1079 Angliae
2578 1014 2799 1078 regem.

918 1150 1259 1208 ammonitio
1299 1152 1374 1205 aa
1406 1124 1682 1206 Evardam
1723 1151 1810 1206 11.
1855 1151 2052 1222 Regem
2096 1149 2323 1223 Angue,
2362 1156 2423 1203 ne
2460 1148 2700 1222 corrigat
2734 1154 3048 1223 gravamina
3088 1151 3299 1221 populis

984 1220 1484 1357 ᾔῃῗῖνῖἒαίὃῖἱξξα,
1519 1226 1698 1278 conti-a
1725 1223 1968 1294 sormam
2004 1222 2335 1278 concessionis
2396 1220 2587 1277 liabitae
2646 1242 2681 1275 a
2729 1222 2846 1276 sede
2897 1220 3298 1293 Apostolica.—

985 1433 1026 1463 “
1039 1428 1079 1483 J
1079 1428 1317 1483 ohannes
1341 1428 1638 1499 episcopus,
1675 1444 1863 1483 servus
1902 1430 2186 1481 servorum
2231 1424 2359 1487 Dei,
2400 1422 2845 1477 christianissimo
2881 1421 2993 1476 filio
3018 1422 3285 1479 Edvardo

915 1500 1034 1571 regi
1059 1500 1276 1572 Angliae
1299 1500 1522 1566 illustri,
1547 1496 1776 1553 salutem
1800 1507 1858 1553 et
1875 1516 1911 1553 a
1946 1497 2229 1552 ostolicam
2252 1494 2701 1549 benedictionem.

986 1579 1025 1605 “
1044 1572 1344 1627 Paternum
1369 1586 1610 1625 amorem
1629 1570 1697 1623 ad
1717 1577 1827 1623 tiiae
1846 1587 1906 1623 ce
1928 1568 2179 1623 situdinis
2198 1568 2551 1631 incrementa,
2577 1565 2655 1618 fili
2679 1564 3009 1632 charissime,
3029 1564 3291 1637 gerimus,

915 1642 1047 1697 dum
1071 1648 1127 1696 te
1151 1643 1222 1695 ad
1245 1660 1324 1707 ea,
1350 1660 1468 1713 quse
1503 1641 1658 1711 justo
1701 1640 1921 1711 placent
1954 1638 2152 1710 judici,
2176 1637 2261 1693 tui
2304 1638 2481 1708 regni,
2519 1644 2813 1699 terrarum,
2850 1642 2909 1690 et
2948 1635 3295 1692 subditorum

915 1720 1140 1767 tuorum
1178 1713 1290 1767 sint
1329 1722 1638 1797 opportuna
1677 1712 1868 1785 quieti,
1908 1728 1973 1765 ac
2011 1710 2169 1764 famae
2210 1716 2320 1763 tuae
2356 1709 2562 1779 pariter
2605 1714 2663 1761 et
2704 1706 2899 1791 honori
2932 1708 3291 1779 prospiciant,

913 1784 1139 1837 solicitis
1179 1783 1578 1839 hortationibus
1619 1784 1927 1837 invitamus.
2003 1782 2238 1851 Propter
2272 1780 2420 1851 quod
2457 1780 2513 1832 in
2554 1778 2621 1831 iis
2659 1796 3034 1849 persuasiones
3072 1786 3291 1835 nostras

919 1856 1120 1909 devota
1143 1854 1308 1909 debes
1343 1862 1524 1909 mente
1551 1854 1842 1937 suscipere,
1870 1861 1927 1907 et
1962 1852 2034 1907 ad
2057 1852 2435 1907 executionem
2460 1850 2677 1903 illarum
2702 1860 2757 1903 te
2780 1858 3037 1921 paratum
3064 1856 3121 1903 et
3143 1850 3294 1905 flexi·

915 1926 1079 1981 bilem
1104 1925 1376 1979 exhibere.
1451 1926 1620 1991 Ecce,
1643 1925 1737 1991 fili,
1778 1923 2079 1995 recepimus
2103 1923 2317 1977 litteras
2342 1922 2577 1975 directas
2600 1920 2813 1993 pridem
2874 1938 2934 1974 er
2960 1919 3291 1975 Hibernicos

915 2004 1196 2069 magnates
1219 2005 1276 2050 et
1310 1996 1590 2067 populum,
1631 1996 1844 2049 dilectis
1886 1994 2009 2048 filiis
2049 1992 2251 2049 nostris
2292 1992 2571 2059 Anselmo,
2614 1991 2701 2045 tit.
2746 1994 2802 2047 S.
2865 2032 2879 2046 .
2899 1991 3206 2046 Marcellini
3232 2000 3289 2047 et

915 2068 1069 2122 Petri
1093 2068 1416 2137 presbitero,
1443 2074 1498 2120 et
1537 2066 1722 2129 Lucae‚
1760 2067 1814 2120 S.
1848 2064 2039 2121 Mariae
2070 2065 2127 2118 in
2168 2064 2256 2117 via
2294 2064 2410 2117 lata
2448 2063 2697 2129 diacono,
2722 2063 3104 2131 cardinalibus,
3129 2080 3291 2135 apos-

915 2138 1094 2192 tolicae
1117 2138 1258 2190 sedis
1281 2137 1504 2201 nuntiis,
1539 2144 1596 2190 et
1635 2154 1732 2207 per
1775 2154 1867 2189 eos
1907 2136 2061 2189 nobis
2104 2135 2217 2188 suis
2256 2134 2583 2189 interclusas
2620 2134 2821 2189 litteris
2865 2133 3191 2201 destinatasg
3230 2136 3290 2189 in

955 2225 1154 2264 uarum
1175 2208 1318 2261 serie
1342 2208 1484 2261 inter
1527 2215 1725 2261 caetera
1766 2207 2011 2262 videmus
2053 2205 2339 2268 contineri,
2365 2206 2513 2276 quod
2534 2204 2659 2259 cum
2694 2204 2869 2259 felicis
2890 2206 3291 2271 recordationis

980 2278 1201 2333 drianus
1223 2278 1578 2350 predecessor
1601 2285 1804 2341 noster,
1848 2278 1948 2331 sub
1992 2279 2155 2331 certis
2193 2275 2355 2329 modo
2380 2285 2437 2330 et
2460 2276 2640 2331 forma
2664 2276 2933 2329 distinctis
2957 2276 3196 2347 apertius
3230 2277 3287 2331 in

919 2348 1231 2421 apostolicis
1273 2348 1474 2402 litteris
1516 2349 1642 2402 inde
1680 2348 1860 2415 factis,
1904 2349 2062 2403 claroe
2106 2347 2377 2402 memoriae
2420 2346 2663 2401 Henrico
2707 2348 2853 2419 Regi
2894 2348 3126 2421 Angliae,
3162 2366 3289 2419 pro-

965 2420 1166 2474 enitori
1191 2428 1309 2485 tuo,
1333 2420 1614 2473 dominum
1640 2418 1698 2472 H
1735 2420 1936 2474 berniae
1962 2419 2332 2481 concessisset,
2380 2417 2496 2489 ipse
2521 2419 2645 2471 Rex
2671 2436 2735 2471 ac
2760 2434 3096 2473 successores
3120 2420 3288 2491 ipsius

981 2508 1105 2563 eges
1129 2491 1364 2575 Angliae,
1389 2508 1562 2562 usque
1601 2492 1672 2544 ad
1745 2508 1824 2545 sec
1848 2499 2098 2561 tempora
2121 2489 2343 2543 niodum
2368 2497 2424 2543 et
2447 2489 2680 2543 formam
2704 2488 3017 2559 hujusmodi
3041 2508 3149 2543 non
3174 2508 3287 2545 ser·

919 2570 1126 2627 rantes,
1163 2563 1404 2634 quinimo
1449 2579 1542 2617 eos
1583 2562 2044 2633 transgredientes
2079 2558 2343 2623 indebite,
2375 2559 2754 2615 afflictionibus
2788 2568 2845 2613 et
2882 2561 3287 2633 gravaminibus

918 2632 1178 2687 inauditis
1218 2632 1649 2717 importabilium
1691 2633 2019 2687 servitutum
2059 2632 2205 2704 ipsos
2252 2631 2459 2685 diutius
2511 2640 2916 2703 oppresserunt.
3008 2632 3129 2687 Nec
3152 2632 3287 2689 'fuit

919 2705 1184 2759 hactenus
1214 2718 1306 2775 qui
1331 2713 1615 2759 revocaret
1639 2704 1794 2758 illata
1813 2703 2151 2777 gravamina,
2175 2710 2272 2759 aut
2296 2709 2482 2757 errata
2504 2702 2836 2775 corrigeret:
2863 2721 2973 2757 non
2996 2702 3104 2759 fuit
3128 2722 3287 2775 quem

915 2776 1010 2847 pia
1033 2776 1333 2847 compassio
1357 2794 1518 2847 super
1544 2794 1733 2829 eorum
1759 2776 2086 2829 contritione
2111 2782 2375 2837 moveret,
2401 2774 2641 2845 quamvis
2682 2790 2844 2844 super
2880 2774 2963 2828 his
3004 2774 3075 2828 ad
3108 2782 3165 2829 te
3200 2794 3286 2830 re-

919 2864 1114 2901 cursus
1138 2844 1358 2901 habitus
1383 2846 1566 2913 fuerit,
1589 2854 1646 2901 et
1681 2846 1889 2901 clamor
1931 2847 2143 2901 validus
2186 2860 2568 2916 oppressorum
2608 2862 2765 2898 aures
2798 2852 2923 2899 tuas
2964 2848 3285 2918 quandoque

908 2918 1164 2989 pulsarit.
1239 2918 1402 2973 Unde
1425 2918 1562 2972 talia
1599 2918 1745 2972 ferre
1783 2925 2116 2989 nequeuntes
2140 2916 2392 2983 ulterius,
2418 2916 2596 2970 coacti
2620 2923 2751 2969 sunt
2772 2932 2831 2971 se
2853 2934 2888 2969 a
2912 2916 3149 2973 dominio
3185 2927 3283 2973 tuo

913 2988 1235 3052 subducere,
1273 2998 1330 3043 et
1367 2988 1535 3043 alium
1576 2988 1634 3041 in
1681 3006 1841 3042 suum
1888 3007 2078 3060 regem
2120 2989 2407 3043 advocare.
2510 2986 2666 3051 Hoec,
2711 2987 3057 3043 dilectissime
3093 2989 3190 3052 fili,
3238 2991 3285 3043 si

915 3059 1137 3114 veritati
1159 3059 1427 3123 nitantur,
1453 3066 1607 3113 tanto
1631 3059 1889 3113 nimirum
1912 3059 2197 3113 infestiora
2240 3058 2443 3111 nostris
2466 3058 2733 3113 accedunt
2756 3058 3056 3127 affectibus,
3081 3070 3284 3131 quanto

917 3130 1288 3183 desideramus
1312 3128 1570 3183 intentius
1593 3137 1658 3183 ut
1681 3129 1756 3183 ibi
1779 3130 2043 3201 prospere
2068 3136 2267 3183 cuncta
2290 3130 2503 3183 cedant.
2558 3128 2724 3183 Circa
2746 3128 2842 3183 illa
2865 3130 3071 3185 versari
3095 3132 3283 3186 sedulo

918 3200 1102 3262 debes,
1127 3218 1194 3253 ea
1217 3218 1321 3270 que
1345 3200 1611 3271 promptis
1637 3198 1919 3253 effectibus
1944 3201 2153 3270 exequi,
2180 3216 2297 3270 quae
2344 3208 2441 3253 tuo
2466 3200 2576 3254 sint
2598 3198 3099 3271 placitaOreatori,
3124 3211 3181 3256 et
3214 3204 3283 3257 ab

918 3268 1168 3323 omnibus
1193 3269 1468 3323 obstinere
1493 3269 1744 3333 sollicite,
1767 3288 1867 3341 per
1892 3288 2009 3341 qum
2034 3279 2228 3324 contra
2260 3279 2319 3325 te
2342 3271 2539 3325 debeat
2560 3272 2849 3342 provocari
2874 3272 3027 3327 Deus
3050 3274 3182 3344 ipse,
3218 3292 3283 3327 ac

920 3341 1190 3395 Dominus
1213 3341 1501 3403 ultionum,
1527 3342 1620 3412 qui
1727 3342 1892 3395 mitiis
1934 3341 2260 3397 afflictorum
2300 3341 2524 3411 injuste,
2550 3341 2771 3397 minime
2813 3343 3062 3415 despicit,
3098 3351 3157 3398 et
3190 3345 3282 3416 qui

919 3420 1146 3536 propter
1193 3411 1488 3482 injustitias
1523 3428 1624 3484 pec
1685 3412 1797 3467 iare
1839 3430 1997 3467 suum
2040 3412 2284 3483 dejicisse
2328 3412 2655 3467 describitur
2702 3415 2963 3497 populum
3004 3424 3061 3470 et
3106 3423 3281 3471 trans-

941 3483 1180 3537 ationem
1201 3482 1392 3537 fecisse
1431 3500 1745 3556 regnorum.
1825 3484 2045 3547 Quanto
2084 3485 2249 3539 etiam
2287 3484 2713 3547 desiderabilius,
2737 3484 2822 3537 liis
2844 3486 3146 3557 praesertim
3180 3487 3281 3540 im-

919 3554 1129 3627 pacatis
1153 3554 1504 3625 temporibus,
1531 3554 1778 3625 cupimus
1802 3562 1857 3608 te
1897 3556 2005 3609 illis
2028 3556 2257 3609 libenter
2281 3556 2582 3619 intendere,
2604 3572 2704 3627 per
2728 3574 2844 3627 quoe
2868 3565 3091 3613 tuorum
3116 3558 3283 3611 corda

921 3626 1168 3680 fidelium
1190 3625 1262 3679 ad
1286 3632 1436 3680 tuam
1477 3625 1907 3680 benevolentiam
1945 3634 2001 3681 et
2024 3624 2383 3681 obedientiam
2408 3626 2640 3681 debeant
2661 3626 2825 3695 allici,
2851 3636 2907 3681 et
2930 3628 3025 3682 illa
3056 3646 3281 3700 prorsus

920 3697 1096 3752 vitare
1119 3696 1314 3767 quibus
1336 3697 1553 3751 valeant
1575 3714 1610 3753 a
1629 3704 1742 3752 tuae
1757 3698 1911 3752 cultu
1936 3698 2237 3751 devotionis
2258 3698 2437 3752 avelli.

995 3775 1035 3803 “
1056 3769 1200 3832 Quia
1223 3768 1430 3840 utique,
1454 3769 1552 3832 fili,
1575 3777 1673 3823 tua
1693 3787 1804 3824 non
1838 3769 2113 3823 modicum
2133 3770 2381 3837 interest,
2406 3768 2569 3839 hujus
2591 3785 2745 3823 novae
2766 3768 3083 3825 mutationis
3105 3770 3279 3825 vitare

926 3839 1285 3910 dispendium,
1330 3840 1786 3912 quamplurimum
1834 3841 2071 3911 expedit,
2117 3848 2182 3894 ut
2227 3840 2342 3895 hice
2399 3858 2509 3894 non
2564 3838 2913 3911 negligantur
2958 3842 3282 3897 turbationis

929 3910 1115 3964 initia=
1155 3928 1222 3963 ne
1246 3910 1354 3964 illis
1377 3910 1681 3982 periculose
1722 3912 2089 3966 crescentibus
2128 3910 2253 3965 sero
2293 3910 2582 3965 medecina&
2615 3911 2866 3966 remedius
2888 3930 2999 3982 prae
3101 3922 3278 3967 entur.

925 3981 1326 4035 Excellentiam
1385 3982 1590 4052 regiam
1650 3982 2005 4037 sollicitamus
2063 3980 2293 4045 attente,
2342 3980 2693 4053 praesentibus
2751 4000 2878 4037 saue
2933 3982 2991 4036 ni
3030 3984 3276 4039 ilominus

921 4052 1228 4115 suadentes,
1289 4059 1518 4105 uatenus
1558 4052 1673 4106 haic
1713 4053 1975 4123 prudenti
2015 4053 2366 4108 meditatione
2404 4053 2767 4120 considerans,
2806 4061 2863 4107 et
2902 4071 3028 4108 cum
3050 4062 3148 4109 tuo
3174 4056 3278 4110 dis-

925 4131 1078 4178 creto
1104 4122 1258 4176 conci
1279 4140 1334 4176 io
1358 4122 1642 4176 conferens
1683 4140 1846 4194 super
1884 4124 2013 4188 illis,
2054 4125 2203 4179 circa
2237 4124 2643 4209 praemissorum
2666 4125 3043 4194 gravaminum
3064 4144 3277 4181 correc-

925 4192 1149 4261 tionem,
1175 4210 1238 4247 ac
1279 4192 1721 4247 reformationem
1762 4194 2001 4249 debitam
2040 4202 2096 4249 et
2129 4194 2399 4261 festinam,
2424 4196 2525 4249 viis
2561 4200 2621 4249 et
2641 4194 2815 4249 modis
2838 4196 3170 4263 decentibus,
3200 4197 3277 4251 sic

923 4264 1260 4319 sufficientur
1282 4262 1558 4334 provideri
1582 4264 1804 4319 mandes
1830 4273 1885 4318 et
1907 4265 2093 4329 facias,
2111 4266 2188 4320 sic
2212 4266 2596 4321 discriminosis
2616 4266 2897 4337 principiis
2918 4267 2975 4320 in
2998 4268 3101 4335 hac
3122 4276 3275 4340 parte

925 4336 1144 4391 obstare
1168 4351 1447 4405 procures,
1470 4333 1620 4405 quod
1644 4342 1700 4389 et
1724 4334 1805 4389 illi
1844 4353 1942 4406 per
1972 4353 2131 4407 quem
2154 4354 2353 4409 regnas
2380 4338 2596 4409 placere
2618 4336 2816 4402 valeas,
2840 4346 2897 4392 et
2918 4346 2976 4392 te
2999 4338 3056 4393 in
3078 4340 3146 4394 iis
3169 4340 3275 4395 effi-

926 4406 1129 4461 caciter
1147 4404 1406 4476 implente
1429 4405 1580 4477 quod
1602 4405 1782 4469 debes,
1806 4406 2045 4477 cujusvis
2068 4406 2357 4463 adversum
2380 4417 2437 4463 te
2454 4408 2620 4479 justis
2680 4409 2877 4464 uerelae
2900 4411 3131 4466 materia
3152 4429 3275 4465 con-

925 4479 1186 4547 quiescat,
1225 4494 1323 4547 per
1359 4476 1505 4561 quod
1545 4476 1710 4531 iidem
1753 4476 1813 4531 H
1848 4477 2053 4531 berniei
2087 4478 2287 4534 saniori
2326 4480 2479 4534 ducti
2518 4480 2668 4534 consi
2688 4480 2762 4546 io,
2790 4480 2907 4547 tibi,
2945 4488 3009 4535 ut
3044 4500 3197 4536 suam
3220 4482 3275 4536 in

926 4558 1172 4618 apertam
1211 4547 1552 4619 injustitiam,
1592 4556 1649 4602 te
1690 4566 1798 4620 apu
1884 4548 2066 4603 Deum
2106 4559 2164 4605 et
2204 4550 2445 4605 homines
2486 4558 2757 4617 excusata,
2780 4560 3120 4608 convertant.
3194 4552 3277 4608 Ut

927 4626 1112 4673 autem
1153 4620 1220 4673 de
1257 4620 1530 4691 praedictis
1571 4620 1977 4691 gravaminibus
2024 4628 2081 4675 et
2126 4622 2393 4693 quaerelis,
2432 4622 2625 4692 quibus
2668 4622 2916 4707 praedicti
2959 4623 3278 4679 inninuntur

929 4688 1246 4760 Hybernici,
1267 4690 1376 4744 tuis
1417 4691 1658 4745 sensibus
1699 4692 2041 4747 innotescant
2080 4694 2150 4747 ad
2189 4693 2425 4764 plenum,
2463 4700 2806 4765 praescriptas
2843 4694 3055 4749 litteras
3090 4698 3277 4751 missas

927 4760 1290 4814 cardinalibus
1312 4762 1614 4826 antedictis,
1632 4780 1758 4816 cum
1779 4762 1958 4817 forma
1986 4764 2295 4819 litterarum
2335 4780 2468 4836 quas
2490 4764 2786 4834 proedictus
2810 4766 3107 4831 Adrianus,
3140 4784 3273 4838 prai-

927 4831 1178 4885 decessor
1211 4837 1415 4897 noster,
1435 4832 1612 4885 eidem
1651 4832 1895 4887 Henrico
1933 4834 2079 4906 Regi
2119 4834 2331 4907 Anguis
2372 4836 2439 4889 de
2477 4834 2629 4891 teri-ii
2666 4834 2959 4908 Hybernioe
2996 4839 3276 4903 concessit,

929 4910 1038 4957 tuae
1061 4901 1424 4972 magnitudini
1447 4902 1711 4958 mittimus
1732 4904 2022 4959 inclusas.”
