3634 5842
334 733 474 778 cu».
521 714 640 798 x1.]
1037 734 1319 780 resumas
1363 734 1483 779 sus
1531 717 1944 781 mmmm.
2598 721 2718 783 105

331 888 434 951 ma
485 892 856 975 tempestate,
905 910 1024 973 qua
1069 887 1418 955 Elizabetha
1465 888 1792 953 Britanniae
1841 888 2045 974 regina
2092 895 2231 975 post
2280 882 2609 956 Ecclesiam
2661 892 2727 956 in

334 974 436 1041 An
477 974 562 1040 lia
620 974 874 1041 deletam
940 977 1005 1041 in
1055 975 1297 1041 Ibernia
1347 996 1581 1061 quoque
1639 974 2007 1040 Catholicam
2064 977 2413 1062 religionem
2463 979 2726 1060 ,summis

332 996 560 1127 viribus
587 1061 992 1150 oppugnabat,
1021 1062 1224 1127 floruit
1249 1061 1534 1127 Patritius
1563 1061 1640 1127 0²
1646 1062 1861 1127 Helius
1904 1061 2161 1129 Ibernus
2188 1063 2432 1130 minime
2476 1063 2728 1129 obscuro

334 1170 553 1234 genere
579 1158 782 1216 natus.
870 1149 996 1221 Qui
1025 1149 1325 1235 Seraphici
1369 1148 1670 1215 Francisci
1717 1149 2066 1215 institutum
2111 1151 2415 1236 amplexus
2463 1152 2529 1216 in
2581 1152 2726 1217 His-

333 1236 533 1387 panis,
551 1237 618 1301 in
647 1236 1060 1301 florentissima
1091 1234 1397 1321 Compluti
1417 1235 1738 1301 Academia
1757 1235 2073 1322 diligenter
2092 1260 2280 1315 annos
2302 1238 2531 1324 aliquot
2557 1238 2725 1304 incu-

379 1323 471 1387 uit
496 1322 728 1389 litteris.
778 1322 932 1388 Inde
960 1330 1277 1408 postquam
1306 1344 1445 1388 cum
1473 1322 1770 1403 alibi,tum
1799 1323 2009 1389 Romae
2036 1325 2100 1389 in
2117 1327 2241 1389 Ara
2256 1324 2401 1389 Caeh·
2429 1332 2728 1389 conventu

335 1409 522 1475 vitam
553 1432 722 1475 suam
749 1411 1147 1489 innocentem,
1179 1417 1242 1475 et
1289 1411 1726 1495 integerrimam
1755 1411 1991 1495 magnis
2033 1411 2419 1497 poenitentiae,
2451 1412 2727 1477 sanctita-
2822 1428 2828 1432 ’

331 1496 530 1580 tisque
559 1495 932 1562 documentis
961 1497 1238 1563 omnibus
1267 1497 1559 1583 probavit,
1589 1520 1626 1561 a
1654 1495 1945 1581 Gregorio
1977 1496 2205 1563 decimo
2232 1499 2410 1563 tertio
2439 1498 2731 1563 Pontifice

334 1582 604 1647 Maximo
653 1585 965 1670 episcopus
1015 1590 1392 1649 cousecratur
1441 1605 1598 1648 anno
1643 1582 2056 1667 Redemptoris
2098 1585 2407 1650 millesimo
2438 1586 2727 1670 quingen-

333 1670 546 1735 tesimo
605 1692 666 1735 se
709 1670 1039 1755 tuagoeimo
1067 1692 1228 1736 nono
1257 1677 1319 1735 et
1347 1678 1594 1736 ornatus
1624 1669 1798 1735 donis
1838 1672 1905 1735 in
1954 1670 2257 1737 Iberniam
2284 1672 2560 1751 mittitur,
2590 1694 2727 1757 pro-

333 1756 592 1822 vinciam
620 1692 734 1822 sibi
783 1757 1198 1823 demandatam
1226 1757 1466 1821 haeresis
1493 1756 1768 1844 Anglicae
1809 1759 2153 1844 contagioni
2197 1758 2514 1824 mortifera>
2542 1758 2729 1823 reluc-

333 1848 558 1907 tantem
589 1844 1124 1911 administraturus.
1210 1842 1425 1909 Obiter
1473 1866 1610 1909 cum
1653 1844 1914 1910 venisset
1952 1846 2019 1910 in
2046 1844 2325 1925 ParisioS,
2355 1846 2725 1931 gymnasium

331 1935 487 2017 tunc·
518 1932 815 2031 ‘temporis
854 1928 1034 2017 longe
1078 1930 1543 2031 celeberrimum,
1574 1931 1640 1997 in
1685 1930 1941 2084 publicis
1970 1931 2473 2032 disputationibus
2500 1931 2731 2031 ingenii

331 2016 2731 2192 ffizffifflffifflffiffff333511353055335133133333120333?

335 2191 533 2275 guinis
562 2193 718 2258 inter
745 2192 1004 2258 Iberniae
1074 2193 1344 2258 rimarios
1370 2193 1682 2273 referendi,
1715 2194 2049 2279 Seraphicae
2097 2193 2403 2279 religionis
2432 2193 2727 2272 alumnus,

333 2278 598 2345 moribus
645 2280 762 2345 irre
804 2279 1040 2345 rehensi
1079 2280 1196 2345 ilis.
1245 2278 1442 2346 Ambo
1491 2280 1632 2346 navi
1675 2302 1995 2346 conscensa
2040 2281 2284 2347 solvunt
2309 2281 2375 2346 in
2404 2280 2727 2358 Iberniam,

331 2363 424 2429 Eo
441 2388 582 2431 cum
598 2389 714 2453 app
785 2368 796 2379 '
895 2367 1049 2432 utin
1068 2373 1306 2432 vastum
1331 2367 1504 2433 littus
1521 2374 1927 2454 exponuntur,
1948 2368 2111 2433 unde
2139 2368 2517 2433 Asketiniam
2541 2366 2728 2452 (quod

334 2457 460 2517 erat
509 2454 902 2540 municipium
951 2453 1294 2519 Desmonioe
1336 2453 1608 2539 Comitis)
1641 2455 1897 2540 ingressi
1926 2477 1961 2518 a
1988 2455 2209 2540 reginae
2236 2455 2544 2534 ministriS,
2573 2454 2727 2519 mili·

331 2538 616 2624 tibusque
643 2540 978 2626 capiuntur,
1009 2540 1256 2608 Giraldo
1309 2540 1622 2605 Giraldino
1665 2542 1901 2619 comite,
1948 2541 2192 2627 ejusque
2220 2542 2399 2606 fratre
2429 2541 2471 2605 J
2472 2542 2727 2619 ohanne,

329 2630 394 2690 et
445 2626 576 2689 aliis
623 2627 1080 2711 consanguineis
1118 2626 1480 2692 absentibus.
1531 2628 1739 2693 Vincti
1789 2628 2117 2692 mittuntur
2164 2629 2232 2692 in
2280 2628 2491 2692 urbem
2546 2626 2729 2716 Lom-

330 2711 604 2790 nacham,
649 2710 756 2777 ubi
803 2712 1138 2791 tenebroso,
1179 2712 1502 2797 faetidoque
1550 2735 1780 2778 carcere
1799 2713 1925 2778 dies
1942 2714 2292 2798 quindecem
2318 2714 2730 2779 includuntur.

329 2798 489 2863 Cum
513 2798 607 2864 vel
633 2798 748 2864 hoc
775 2798 1066 2885 supplicio
1096 2799 1240 2863 satis
1269 2798 1487 2878 afflicti,
1518 2805 1696 2884 atque
1739 2799 1957 2865 devicti
1998 2822 2145 2878 esse,
2178 2800 2478 2865 Gulielmo
2506 2799 2729 2864 Drurio

329 2885 536 2973 Anglo
588 2884 844 2951 Iberniae
886 2886 1126 2985 protegi
1176 2884 1519 2950 viderentur
1546 2912 1566 2965 ;
1633 2893 1839 2951 contra
1886 2892 2089 2951 tamen
2137 2886 2228 2951 illi
2272 2887 2725 2972 responderunt,

331 2972 727 3054 amoeniorem‚
777 2972 1182 3058 laetioremque
1225 2970 1340 3036 sibi
1387 2971 1586 3037 locum
1627 2972 1800 3038 illum
1846 2971 2035 3038 videri
2073 2972 2508 3060 jucundissimo
2550 2972 2727 3038 horto

329 3058 543 3125 florum
593 3058 1023 3125 odoriferorum
1069 3059 1352 3125 varietate
1395 3060 1646 3140 consito,
1676 3060 1936 3145 solisque
1962 3060 2225 3127 claritate
2251 3060 2523 3141 lustratO,
2552 3067 2723 3145 grato

331 3169 488 3213 aurae
519 3147 734 3235 spiritu
761 3146 1028 3212 meridiei
1055 3146 1334 3211 aestivalis
1383 3146 1652 3213 ardorem
1694 3145 1975 3213 leniente.
2064 3148 2188 3213 Eos
2218 3148 2477 3213 furiosus
2507 3169 2720 3234 prorex

331 3235 523 3299 acrius
569 3235 782 3301 statuit
825 3255 1189 3319 oppugnare.
1243 3232 1286 3297 J
1284 3232 1433 3299 ubet
1482 3234 1556 3300 ad
1608 3258 1672 3301 se
1715 3235 1989 3323 produci.
2074 3235 2245 3301 Tunc
2273 3236 2341 3300 in
2368 3236 2717 3301 Antistitem

329 3320 454 3386 fera
501 3321 749 3402 lumina,
807 3328 1158 3407 trucemque
1207 3320 1447 3387 vultum
1494 3325 1768 3406 vertensn
1820 3328 1865 3358 “
1888 3321 2055 3392 Quid
2099 3330 2191 3388 est
2242 3322 2495 3409 (inquit)
2538 3322 2716 3388 homo
2743 3306 2890 3377 [ω’]

327 3408 552 3488 insane,
601 3415 780 3495 atque
825 3408 1251 3486 scelestissime,
1283 3409 1427 3493 quid
1479 3416 1571 3473 est
1613 3410 1774 3495 quod
1824 3409 2045 3494 reginae
2089 3416 2308 3475 nostrae
2364 3410 2521 3475 ‘ussa
2556 3432 2715 3495 sper-

325 3517 451 3574 nas,
483 3496 894 3561 auctoritatem
925 3501 1290 3574 contemnas,
1320 3500 1497 3580 atque
1525 3495 1685 3583 leges
1701 3495 1963 3561 ludibrio
1983 3495 2251 3561 habeas?
2426 3506 2714 3574 nvertere,

323 3582 373 3645 si
421 3583 600 3669 sapis,
631 3582 706 3647 ad
755 3584 1041 3667 reginam,
1073 3581 1150 3648 ad
1196 3582 1323 3733 εὶηε
1371 3582 1720 3668 religionem
1763 3588 2122 3647 convertere.
2209 3583 2310 3647 Ita
2339 3604 2472 3668 quae
2501 3582 2719 3647 scelera

325 3670 676 3734 commisisti
731 3669 1038 3748 hactenns,
1069 3691 1140 3733 ea
1182 3670 1232 3734 ti
1272 3668 1845 3734 i.condonabuntur
1890 3668 2003 3734 hac
2030 3674 2269 3734 tantum
2308 3668 2467 3733 facili
2512 3668 2717 3733 condi-

325 3756 511 3835 tione,
564 3763 636 3821 ut
679 3756 1125 3907 Paffiaecfartes,
1167 3761 1346 3840 atque
1396 3754 1643 3820 ductum
1673 3754 1946 3819 deserens
1969 3754 2355 3841 jurejurando
2384 3755 2715 3834 confirmes,

323 3844 594 3929 reginam
622 3865 750 3909 esse
833 3865 866 3907 c
924 3843 1058 3907 esiae
1086 3842 1151 3905 in
1179 3842 1378 3926 regnis
1406 3842 1531 3906 suis
1563 3848 1763 3927 caput,
1781 3848 1844 3906 et
1870 3841 2215 3928 principem.
2259 3842 2361 3906 Ita
2386 3864 2510 3907 non
2536 3841 2717 3907 modo

323 3930 565 4015 Moyoae
609 3931 1036 4018 episcopatum,
1088 3927 1192 3992 sed
1242 3926 1514 3992 uberiora
1563 3928 1722 3992 dona
1763 3950 1798 3993 a
1840 3928 2048 4013 regina
2100 3928 2193 4013 (ea
2240 3928 2371 4013 ipsa
2416 3934 2507 3993 est
2532 3928 2719 4014 regali

321 4018 752 4101 munificentia)
787 4013 1097 4081 habebis.”
1186 4012 1287 4079 Ad
1315 4014 1442 4080 haec
1465 4015 1735 4079 Antistes
1763 4014 1920 4080 nihil
1940 4014 2307 4100 respondens
2336 4014 2546 4081 leniter
2575 4014 2715 4080 sub-

321 4105 472 4171 risit.
559 4104 717 4170 'Pum
765 4124 998 4189 prorex,
1021 4100 1211 4253 Iquid,
1253 4100 1470 4185 inquit,
1515 4101 1722 4166 ridae?
1809 4100 1927 4181 Da,
1972 4124 2197 4187 precor,
2242 4102 2437 4187 inquit
2478 4102 2715 4188 praesul,

320 4193 478 4258 hauc
504 4191 654 4256 mihi
681 4190 933 4255 veniam.
1089 4187 1208 4253 aud
1253 4189 1426 4275 potui
1474 4210 1616 4254 sane
1662 4188 1851 4253 risum
1890 4194 2091 4254 tenere
2119 4188 2283 4275 quod
2300 4189 2617 4276 jusseritis,
2644 4195 2717 4255 ut

322 4302 418 4345 me
477 4282 836 4357 convertm,
898 4275 1000 4362 qui
1058 4296 1370 4361 nunquam
1428 4298 1464 4340 a
1523 4299 1660 4340 vera
1711 4276 1828 4341 Dei
1856 4274 2143 4361 religione
2170 4278 2399 4342 fueram
2451 4298 2710 4342 aversus.

324 4366 544 4445 Quare,
598 4365 650 4430 si
700 4364 916 4430 abhinc
965 4362 1187 4448 reginze
1239 4370 1458 4427 sectam
1505 4382 1800 4449 sequerer,
1832 4384 1901 4428 ea
1932 4361 2175 4448 quidem
2230 4385 2357 4428 nou
2385 4362 2710 4442 conversi0,

323 4452 428 4519 sed
455 4453 684 4518 aversio
712 4457 904 4517 esset:
951 4472 1088 4515 cum
1140 4470 1370 4534 semper
1415 4450 1720 4514 conversio
1761 4450 1831 4513 in
1856 4472 2056 4514 veram
2084 4449 2457 4535 Religionem
2486 4474 2523 4515 a
2547 4449 2713 4529 falsa,

322 4546 384 4605 et
411 4540 638 4606 aversio
667 4562 704 4603 a
729 4560 869 4603 vera
895 4536 971 4602 ad
997 4536 1205 4601 falsam
1233 4536 1359 4601 fieri
1389 4535 1679 4600 dicatur.’'
1769 4535 2285 4621 supersedeamus,
2329 4536 2528 4622 inquit
2554 4537 2714 4603 Dru-

324 4626 448 4691 rius
474 4626 570 4691 his
599 4626 818 4711 nugis3
861 4624 997 4709 Ego
1029 4622 1269 4775 (guidem
1298 4623 1544 4688 minime
1561 4622 1794 4709 ignoro,
1813 4623 1963 4709 quin
1992 4623 2225 4688 animus
2242 4622 2444 4710 Papae,
2474 4632 2535 4689 et
2561 4624 2717 4710 regis

324 4712 638 4799 Hispaniae
686 4712 762 4777 de
817 4710 1044 4775 inferen
1086 4733 1123 4774 o
1165 4709 1324 4775 bello
1373 4710 1613 4795 reginae,
1644 4709 1973 4795 praesertim
2014 4708 2081 4775 in
2108 4709 2223 4774 hoc
2251 4708 2506 4777 Iberniae
2534 4734 2719 4796 regno

325 4798 406 4864 sit
432 4798 544 4867 tibi
574 4799 718 4867 satis
746 4797 1103 4884 exploratus,
1157 4804 1338 4886 atque
1387 4796 1766 4865 consiliorum
1813 4797 1896 4862 sis
1924 4797 2051 4883 ipse
2078 4797 2389 4885 particeps,
2420 4798 2582 4886 quod
2609 4798 2722 4864 tibi
