<?xml version="1.0" encoding="UTF-8"?>
<!DOCTYPE html PUBLIC "-//W3C//DTD XHTML 1.0 Transitional//EN"
    "http://www.w3.org/TR/xhtml1/DTD/xhtml1-transitional.dtd">
<html xmlns="http://www.w3.org/1999/xhtml" xml:lang="en" lang="en">
 <head>
  <title>
</title>
<meta http-equiv="Content-Type" content="text/html;charset=utf-8" />
  <meta name='ocr-system' content='tesseract 3.04.00' />
  <meta name='ocr-capabilities' content='ocr_page ocr_carea ocr_par ocr_line ocrx_word'/>
</head>
<body>
  <div class='ocr_page' id='page_1' title='image "./historicatholic00kellgoog_0374.png"; bbox 0 0 3634 5842; ppageno 0'>
   <div class='ocr_carea' id='block_1_1' title="bbox 930 707 3291 793">
    <p class='ocr_par' dir='ltr' id='par_1_1' title="bbox 930 707 3291 793">
     <span class='ocr_line' id='line_1_1' title="bbox 930 707 3291 793; baseline -0 -22"><span class='ocrx_word' id='word_1_1' title='bbox 930 711 1053 772; x_wconf 81' lang='lat'>338</span> <span class='ocrx_word' id='word_1_2' title='bbox 1374 708 1793 776; x_wconf 73' lang='lat' dir='ltr'>o’suLanAm</span> <span class='ocrx_word' id='word_1_3' title='bbox 1829 729 2149 777; x_wconf 66' lang='lat' dir='ltr'>nrs‘roiuae</span> <span class='ocrx_word' id='word_1_4' title='bbox 2183 729 2570 788; x_wconf 60' lang='lat' dir='ltr'>cni-nouem,</span> <span class='ocrx_word' id='word_1_5' title='bbox 2611 728 2760 775; x_wconf 73' lang='lat' dir='ltr'>rou.</span> <span class='ocrx_word' id='word_1_6' title='bbox 2807 729 2876 772; x_wconf 79' lang='lat' dir='ltr'>lv</span> <span class='ocrx_word' id='word_1_7' title='bbox 2997 707 3160 793; x_wconf 79' lang='lat' dir='ltr'>[un.</span> <span class='ocrx_word' id='word_1_8' title='bbox 3189 727 3291 772; x_wconf 84' lang='lat'>111.</span> 
     </span>
    </p>
   </div>
   <div class='ocr_carea' id='block_1_2' title="bbox 706 879 3296 1925">
    <p class='ocr_par' dir='ltr' id='par_1_2' title="bbox 706 879 3296 1925">
     <span class='ocr_line' id='line_1_2' title="bbox 910 879 3294 970; baseline 0.001 -27"><span class='ocrx_word' id='word_1_9' title='bbox 910 879 977 943; x_wconf 91' lang='lat' dir='ltr'>in</span> <span class='ocrx_word' id='word_1_10' title='bbox 1012 901 1299 946; x_wconf 80' lang='lat' dir='ltr'>carcerem</span> <span class='ocrx_word' id='word_1_11' title='bbox 1328 882 1639 967; x_wconf 85' lang='lat' dir='ltr'>conjicitur</span> <span class='ocrx_word' id='word_1_12' title='bbox 1668 885 1789 949; x_wconf 68' lang='lat' dir='ltr'>una</span> <span class='ocrx_word' id='word_1_13' title='bbox 1816 905 1955 949; x_wconf 89' lang='lat' dir='ltr'>cum</span> <span class='ocrx_word' id='word_1_14' title='bbox 1985 885 2426 970; x_wconf 86' lang='lat' dir='ltr'>consanguineo</span> <span class='ocrx_word' id='word_1_15' title='bbox 2455 905 2564 949; x_wconf 88' lang='lat' dir='ltr'>suo</span> <span class='ocrx_word' id='word_1_16' title='bbox 2583 881 2898 949; x_wconf 83' lang='lat' dir='ltr'>Francisco</span> <span class='ocrx_word' id='word_1_17' title='bbox 2917 881 3170 962; x_wconf 87' lang='lat' dir='ltr'>Batheo,</span> <span class='ocrx_word' id='word_1_18' title='bbox 3191 881 3294 967; x_wconf 91' lang='lat' dir='ltr'>qui</span> 
     </span>
     <span class='ocr_line' id='line_1_3' title="bbox 911 967 3295 1057; baseline 0.001 -27"><span class='ocrx_word' id='word_1_19' title='bbox 911 967 1053 1030; x_wconf 77' lang='lat' dir='ltr'>rixae</span> <span class='ocrx_word' id='word_1_20' title='bbox 1080 968 1367 1048; x_wconf 77' lang='lat' dir='ltr'><strong>interfuit,</strong></span> <span class='ocrx_word' id='word_1_21' title='bbox 1397 969 1570 1049; x_wconf 86' lang='lat' dir='ltr'>sicut,</span> <span class='ocrx_word' id='word_1_22' title='bbox 1602 977 1662 1035; x_wconf 91' lang='lat' dir='ltr'>et</span> <span class='ocrx_word' id='word_1_23' title='bbox 1682 971 1999 1036; x_wconf 81' lang='lat' dir='ltr'>O&#39;Driscol</span> <span class='ocrx_word' id='word_1_24' title='bbox 2018 971 2297 1057; x_wconf 90' lang='lat' dir='ltr'>Philippo</span> <span class='ocrx_word' id='word_1_25' title='bbox 2314 971 2810 1055; x_wconf 68' lang='lat' dir='ltr'>consanganneus.</span> <span class='ocrx_word' id='word_1_26' title='bbox 2899 969 3295 1035; x_wconf 83' lang='lat' dir='ltr'>O’Sullevano</span> 
     </span>
     <span class='ocr_line' id='line_1_4' title="bbox 912 1053 3293 1145; baseline 0.001 -28"><span class='ocrx_word' id='word_1_27' title='bbox 912 1053 1048 1118; x_wconf 88' lang='lat' dir='ltr'>ineo</span> <span class='ocrx_word' id='word_1_28' title='bbox 1068 1053 1363 1135; x_wconf 83' lang='lat' dir='ltr'>caenobio,</span> <span class='ocrx_word' id='word_1_29' title='bbox 1384 1063 1623 1141; x_wconf 88' lang='lat' dir='ltr'>postero</span> <span class='ocrx_word' id='word_1_30' title='bbox 1653 1057 1749 1123; x_wconf 85' lang='lat' dir='ltr'>die</span> <span class='ocrx_word' id='word_1_31' title='bbox 1768 1059 2152 1144; x_wconf 75' lang='lat' dir='ltr'>exequiarum</span> <span class='ocrx_word' id='word_1_32' title='bbox 2174 1059 2276 1145; x_wconf 86' lang='lat' dir='ltr'>jus</span> <span class='ocrx_word' id='word_1_33' title='bbox 2297 1081 2516 1144; x_wconf 86' lang='lat' dir='ltr'>magna</span> <span class='ocrx_word' id='word_1_34' title='bbox 2531 1059 2864 1143; x_wconf 78' lang='lat' dir='ltr'><strong>frequentia</strong></span> <span class='ocrx_word' id='word_1_35' title='bbox 2887 1057 3293 1142; x_wconf 79' lang='lat' dir='ltr'>Hispanorum</span> 
     </span>
     <span class='ocr_line' id='line_1_5' title="bbox 912 1140 3294 1230; baseline 0.001 -27"><span class='ocrx_word' id='word_1_36' title='bbox 912 1140 1221 1219; x_wconf 88' lang='lat' dir='ltr'>nobilium,</span> <span class='ocrx_word' id='word_1_37' title='bbox 1252 1149 1313 1207; x_wconf 90' lang='lat' dir='ltr'>et</span> <span class='ocrx_word' id='word_1_38' title='bbox 1340 1143 1540 1208; x_wconf 88' lang='lat' dir='ltr'>studio</span> <span class='ocrx_word' id='word_1_39' title='bbox 1570 1144 1799 1210; x_wconf 90' lang='lat' dir='ltr'>domini</span> <span class='ocrx_word' id='word_1_40' title='bbox 1827 1144 2042 1211; x_wconf 90' lang='lat' dir='ltr'>Didaci</span> <span class='ocrx_word' id='word_1_41' title='bbox 2068 1144 2352 1210; x_wconf 85' lang='lat' dir='ltr'>Brocheri</span> <span class='ocrx_word' id='word_1_42' title='bbox 2381 1143 2680 1230; x_wconf 80' lang='lat' dir='ltr'>splendidi</span> <span class='ocrx_word' id='word_1_43' title='bbox 2707 1145 2946 1229; x_wconf 83' lang='lat' dir='ltr'>equitis,</span> <span class='ocrx_word' id='word_1_44' title='bbox 2975 1142 3136 1229; x_wconf 86' lang='lat' dir='ltr'>regii·</span> <span class='ocrx_word' id='word_1_45' title='bbox 3153 1165 3294 1207; x_wconf 79' lang='lat' dir='ltr'>con·</span> 
     </span>
     <span class='ocr_line' id='line_1_6' title="bbox 908 1226 3295 1318; baseline 0.001 -28"><span class='ocrx_word' id='word_1_46' title='bbox 908 1227 1111 1293; x_wconf 88' lang='lat' dir='ltr'>siliarii</span> <span class='ocrx_word' id='word_1_47' title='bbox 1140 1226 1409 1294; x_wconf 84' lang='lat' dir='ltr'>solvitur.</span> <span class='ocrx_word' id='word_1_48' title='bbox 1497 1230 1724 1297; x_wconf 88' lang='lat' dir='ltr'>Obiens</span> <span class='ocrx_word' id='word_1_49' title='bbox 1772 1253 2000 1298; x_wconf 82' lang='lat' dir='ltr'>annum</span> <span class='ocrx_word' id='word_1_50' title='bbox 2047 1235 2124 1298; x_wconf 82' lang='lat'>5⁷</span> <span class='ocrx_word' id='word_1_51' title='bbox 2177 1231 2410 1318; x_wconf 83' lang='lat' dir='ltr'>agebat.</span> <span class='ocrx_word' id='word_1_52' title='bbox 2494 1230 2644 1296; x_wconf 87' lang='lat' dir='ltr'>Erat</span> <span class='ocrx_word' id='word_1_53' title='bbox 2693 1233 2784 1297; x_wconf 82' lang='lat' dir='ltr'>vir</span> <span class='ocrx_word' id='word_1_54' title='bbox 2869 1228 3004 1296; x_wconf 71' lang='lat' dir='ltr'>lane</span> <span class='ocrx_word' id='word_1_55' title='bbox 3052 1230 3194 1315; x_wconf 85' lang='lat' dir='ltr'>pius</span> <span class='ocrx_word' id='word_1_56' title='bbox 3235 1235 3295 1294; x_wconf 87' lang='lat' dir='ltr'>et</span> 
     </span>
     <span class='ocr_line' id='line_1_7' title="bbox 908 1312 3296 1404; baseline 0.001 -27"><span class='ocrx_word' id='word_1_57' title='bbox 908 1312 1127 1399; x_wconf 85' lang='lat' dir='ltr'>largus,</span> <span class='ocrx_word' id='word_1_58' title='bbox 1158 1317 1413 1382; x_wconf 72' lang='lat' dir='ltr'>maxime</span> <span class='ocrx_word' id='word_1_59' title='bbox 1438 1317 1505 1384; x_wconf 92' lang='lat' dir='ltr'>in</span> <span class='ocrx_word' id='word_1_60' title='bbox 1532 1340 1841 1404; x_wconf 69' lang='lat' dir='ltr'>paupereS,</span> <span class='ocrx_word' id='word_1_61' title='bbox 1871 1327 1934 1383; x_wconf 90' lang='lat' dir='ltr'>et</span> <span class='ocrx_word' id='word_1_62' title='bbox 1977 1341 2220 1404; x_wconf 83' lang='lat' dir='ltr'>egenos.</span> <span class='ocrx_word' id='word_1_63' title='bbox 2303 1317 2582 1397; x_wconf 84' lang='lat' dir='ltr'>Duobus,</span> <span class='ocrx_word' id='word_1_64' title='bbox 2611 1318 2705 1383; x_wconf 82' lang='lat' dir='ltr'>vel</span> <span class='ocrx_word' id='word_1_65' title='bbox 2745 1318 2824 1383; x_wconf 90' lang='lat' dir='ltr'>tri</span> <span class='ocrx_word' id='word_1_66' title='bbox 2869 1341 2940 1384; x_wconf 88' lang='lat' dir='ltr'>us</span> <span class='ocrx_word' id='word_1_67' title='bbox 2983 1317 3296 1381; x_wconf 87' lang='lat' dir='ltr'>missarum</span> 
     </span>
     <span class='ocr_line' id='line_1_8' title="bbox 706 1401 3294 1492; baseline -0 -24"><span class='ocrx_word' id='word_1_68' title='bbox 706 1403 888 1474; x_wconf 70' lang='lat'>[262]</span> <span class='ocrx_word' id='word_1_69' title='bbox 906 1401 1089 1466; x_wconf 83' lang='lat' dir='ltr'>sacris</span> <span class='ocrx_word' id='word_1_70' title='bbox 1106 1403 1371 1487; x_wconf 85' lang='lat' dir='ltr'>quotidie</span> <span class='ocrx_word' id='word_1_71' title='bbox 1390 1405 1674 1470; x_wconf 72' lang='lat' dir='ltr'>interesse</span> <span class='ocrx_word' id='word_1_72' title='bbox 1692 1403 1938 1485; x_wconf 80' lang='lat' dir='ltr'>solebat,</span> <span class='ocrx_word' id='word_1_73' title='bbox 1949 1407 1976 1488; x_wconf 84' lang='grc' dir='ltr'>ΙΙ</span> <span class='ocrx_word' id='word_1_74' title='bbox 1998 1405 2208 1491; x_wconf 87' lang='lat' dir='ltr'>longas</span> <span class='ocrx_word' id='word_1_75' title='bbox 2225 1405 2301 1470; x_wconf 87' lang='lat' dir='ltr'>ad</span> <span class='ocrx_word' id='word_1_76' title='bbox 2321 1405 2539 1485; x_wconf 89' lang='lat' dir='ltr'>Deum,</span> <span class='ocrx_word' id='word_1_77' title='bbox 2557 1412 2618 1470; x_wconf 87' lang='lat' dir='ltr'>et</span> <span class='ocrx_word' id='word_1_78' title='bbox 2639 1405 2898 1492; x_wconf 85' lang='lat' dir='ltr'>Superos</span> <span class='ocrx_word' id='word_1_79' title='bbox 2918 1403 3294 1490; x_wconf 84' lang='lat' dir='ltr'>quotidianas</span> 
     </span>
     <span class='ocr_line' id='line_1_9' title="bbox 906 1489 3296 1580; baseline 0.001 -28"><span class='ocrx_word' id='word_1_80' title='bbox 906 1509 1111 1574; x_wconf 79' lang='lat' dir='ltr'>preces</span> <span class='ocrx_word' id='word_1_81' title='bbox 1136 1489 1482 1556; x_wconf 80' lang='lat' dir='ltr'>effundens:</span> <span class='ocrx_word' id='word_1_82' title='bbox 1526 1491 1731 1558; x_wconf 92' lang='lat' dir='ltr'>crebro</span> <span class='ocrx_word' id='word_1_83' title='bbox 1760 1494 2016 1578; x_wconf 81' lang='lat' dir='ltr'>peccatis</span> <span class='ocrx_word' id='word_1_84' title='bbox 2045 1493 2323 1580; x_wconf 41' lang='lat' dir='ltr'>expiatus·</span> <span class='ocrx_word' id='word_1_85' title='bbox 2343 1497 2780 1558; x_wconf 86' lang='lat' dir='ltr'>sacrosanctum</span> <span class='ocrx_word' id='word_1_86' title='bbox 2808 1491 3055 1558; x_wconf 87' lang='lat' dir='ltr'>Domini</span> <span class='ocrx_word' id='word_1_87' title='bbox 3081 1511 3296 1575; x_wconf 87' lang='lat' dir='ltr'>corpus</span> 
     </span>
     <span class='ocr_line' id='line_1_10' title="bbox 902 1576 3296 1732; baseline 0.001 -92"><span class='ocrx_word' id='word_1_88' title='bbox 902 1576 1287 1730; x_wconf 45' lang='lat' dir='ltr'>pusicipffiat.</span> <span class='ocrx_word' id='word_1_89' title='bbox 1343 1579 1473 1730; x_wconf 64' lang='lat' dir='ltr'>tiIta</span> <span class='ocrx_word' id='word_1_90' title='bbox 1498 1579 1815 1731; x_wconf 56' lang='lat' dir='ltr'>igorabejus</span> <span class='ocrx_word' id='word_1_91' title='bbox 1843 1579 2060 1680; x_wconf 77' lang='lat' dir='ltr'>subita,</span> <span class='ocrx_word' id='word_1_92' title='bbox 2089 1589 2153 1644; x_wconf 91' lang='lat' dir='ltr'>et</span> <span class='ocrx_word' id='word_1_93' title='bbox 2179 1579 2438 1732; x_wconf 51' lang='lat' dir='ltr'>infaggta</span> <span class='ocrx_word' id='word_1_94' title='bbox 2465 1579 2874 1730; x_wconf 49' lang='lat' dir='ltr'>Qmipimte</span> <span class='ocrx_word' id='word_1_95' title='bbox 2902 1584 3296 1728; x_wconf 45' lang='lat' dir='ltr'>comzpmff</span> 
     </span>
     <span class='ocr_line' id='line_1_11' title="bbox 934 1685 3296 1739; baseline 0.001 -14"><span class='ocrx_word' id='word_1_96' title='bbox 934 1685 1104 1739; x_wconf 84' lang='lat' dir='ltr'>u1‚e</span> <span class='ocrx_word' id='word_1_97' title='bbox 1211 1688 1490 1732; x_wconf 84' lang='lat' dir='ltr'>coeam</span> <span class='ocrx_word' id='word_1_98' title='bbox 1560 1689 1989 1733; x_wconf 81' lang='lat' dir='ltr'>nous-sacris</span> <span class='ocrx_word' id='word_1_99' title='bbox 2215 1689 2292 1732; x_wconf 92' lang='lat' dir='ltr'>en</span> <span class='ocrx_word' id='word_1_100' title='bbox 2409 1689 2474 1731; x_wconf 91' lang='lat' dir='ltr'>1n</span> <span class='ocrx_word' id='word_1_101' title='bbox 2633 1688 2717 1730; x_wconf 79' lang='lat' dir='ltr'>erl</span> <span class='ocrx_word' id='word_1_102' title='bbox 2795 1686 3296 1731; x_wconf 81' lang='lat' dir='ltr'>eacceisv·</span> 
     </span>
     <span class='ocr_line' id='line_1_12' title="bbox 904 1687 3294 1840; baseline 0 -27"><span class='ocrx_word' id='word_1_103' title='bbox 904 1748 1146 1816; x_wconf 89' lang='lat' dir='ltr'>neribus</span> <span class='ocrx_word' id='word_1_104' title='bbox 1176 1753 1255 1816; x_wconf 88' lang='lat' dir='ltr'>sit</span> <span class='ocrx_word' id='word_1_105' title='bbox 1281 1753 1321 1818; x_wconf 64' lang='lat' dir='ltr'>,a</span> <span class='ocrx_word' id='word_1_106' title='bbox 1349 1753 1753 1820; x_wconf 83' lang='lat' dir='ltr'>sacerdotibus</span> <span class='ocrx_word' id='word_1_107' title='bbox 1771 1689 2188 1840; x_wconf 57' lang='lat' dir='ltr'>peccatisiibso</span> <span class='ocrx_word' id='word_1_108' title='bbox 2211 1761 2374 1819; x_wconf 82' lang='lat' dir='ltr'>utus.</span> <span class='ocrx_word' id='word_1_109' title='bbox 2460 1753 2610 1817; x_wconf 85' lang='lat' dir='ltr'>Erat</span> <span class='ocrx_word' id='word_1_110' title='bbox 2638 1716 2938 1838; x_wconf 63' lang='lat' dir='ltr'>procerus,</span> <span class='ocrx_word' id='word_1_111' title='bbox 2966 1687 3294 1836; x_wconf 79' lang='lat' dir='ltr'>etpelegans</span> 
     </span>
     <span class='ocr_line' id='line_1_13' title="bbox 903 1838 2628 1925; baseline 0.002 -25"><span class='ocrx_word' id='word_1_112' title='bbox 903 1843 1149 1916; x_wconf 87' lang='lat' dir='ltr'>statura,</span> <span class='ocrx_word' id='word_1_113' title='bbox 1181 1839 1351 1904; x_wconf 82' lang='lat' dir='ltr'>vultu</span> <span class='ocrx_word' id='word_1_114' title='bbox 1383 1841 1646 1925; x_wconf 85' lang='lat' dir='ltr'>pulcher,</span> <span class='ocrx_word' id='word_1_115' title='bbox 1676 1848 1852 1907; x_wconf 79' lang='lat' dir='ltr'>aetate</span> <span class='ocrx_word' id='word_1_116' title='bbox 1881 1847 2228 1908; x_wconf 87' lang='lat' dir='ltr'>canescente</span> <span class='ocrx_word' id='word_1_117' title='bbox 2255 1838 2628 1906; x_wconf 83' lang='lat' dir='ltr'>venerabilis.</span> 
     </span>
    </p>
   </div>
   <div class='ocr_carea' id='block_1_3' title="bbox 1629 2093 2537 2102">
    <p class='ocr_par' dir='ltr' id='par_1_3' title="bbox 1629 2093 2537 2102">
     <span class='ocr_line' id='line_1_14' title="bbox 1629 2093 2537 2102; baseline -0.002 -2"><span class='ocrx_word' id='word_1_118' title='bbox 1629 2094 1700 2102; x_wconf 66' lang='lat'>,—---</span> <span class='ocrx_word' id='word_1_119' title='bbox 1730 2093 2256 2101; x_wconf 48' lang='lat' dir='ltr'>a-qa-.-———m--—--—&lt;—.</span> <span class='ocrx_word' id='word_1_120' title='bbox 2278 2093 2382 2100; x_wconf 40' lang='grc' dir='ltr'>ἡ--</span> <span class='ocrx_word' id='word_1_121' title='bbox 2408 2093 2537 2098; x_wconf 37' lang='grc' dir='ltr'><strong>..-ξ-</strong></span> 
     </span>
    </p>
   </div>
   <div class='ocr_carea' id='block_1_4' title="bbox 1931 2270 2236 2336">
    <p class='ocr_par' dir='ltr' id='par_1_4' title="bbox 1931 2270 2236 2336">
     <span class='ocr_line' id='line_1_15' title="bbox 1931 2270 2236 2336; baseline 0 -2"><span class='ocrx_word' id='word_1_122' title='bbox 1931 2270 2111 2336; x_wconf 87' lang='lat' dir='ltr'>CAP.</span> <span class='ocrx_word' id='word_1_123' title='bbox 2157 2270 2236 2334; x_wconf 91' lang='lat' dir='ltr'>V.</span> 
     </span>
    </p>
   </div>
   <div class='ocr_carea' id='block_1_5' title="bbox 1718 2455 2474 2529">
    <p class='ocr_par' dir='ltr' id='par_1_5' title="bbox 1718 2455 2474 2529">
     <span class='ocr_line' id='line_1_16' title="bbox 1718 2455 2474 2529; baseline 0 -19"><span class='ocrx_word' id='word_1_124' title='bbox 1718 2455 1984 2511; x_wconf 79' lang='lat' dir='ltr'>Historioe</span> <span class='ocrx_word' id='word_1_125' title='bbox 2011 2457 2181 2512; x_wconf 82' lang='lat' dir='ltr'>totius</span> <span class='ocrx_word' id='word_1_126' title='bbox 2206 2457 2474 2529; x_wconf 81' lang='lat' dir='ltr'>epilogus.</span> 
     </span>
    </p>
   </div>
   <div class='ocr_carea' id='block_1_6' title="bbox 896 2635 3294 4898">
    <p class='ocr_par' dir='ltr' id='par_1_6' title="bbox 896 2635 3294 4898">
     <span class='ocr_line' id='line_1_17' title="bbox 900 2635 3288 2723; baseline 0.001 -20"><span class='ocrx_word' id='word_1_127' title='bbox 900 2639 1035 2710; x_wconf 78' lang='lat' dir='ltr'>Qm</span> <span class='ocrx_word' id='word_1_128' title='bbox 1064 2638 1251 2703; x_wconf 88' lang='lat' dir='ltr'>totius</span> <span class='ocrx_word' id='word_1_129' title='bbox 1280 2635 1542 2702; x_wconf 65' lang='lat' dir='ltr'>historiae</span> <span class='ocrx_word' id='word_1_130' title='bbox 1584 2641 1805 2701; x_wconf 78' lang='lat' dir='ltr'>nostrae</span> <span class='ocrx_word' id='word_1_131' title='bbox 1857 2636 2064 2701; x_wconf 89' lang='lat' dir='ltr'>seriem</span> <span class='ocrx_word' id='word_1_132' title='bbox 2112 2635 2309 2701; x_wconf 89' lang='lat' dir='ltr'>animo</span> <span class='ocrx_word' id='word_1_133' title='bbox 2355 2635 2718 2723; x_wconf 85' lang='lat' dir='ltr'>complexus,</span> <span class='ocrx_word' id='word_1_134' title='bbox 2760 2659 2892 2702; x_wconf 89' lang='lat' dir='ltr'>cum</span> <span class='ocrx_word' id='word_1_135' title='bbox 2948 2645 3145 2704; x_wconf 84' lang='lat' dir='ltr'>vetera</span> <span class='ocrx_word' id='word_1_136' title='bbox 3172 2661 3288 2705; x_wconf 92' lang='lat' dir='ltr'>me-</span> 
     </span>
     <span class='ocr_line' id='line_1_18' title="bbox 900 2721 3286 2811; baseline 0 -20"><span class='ocrx_word' id='word_1_137' title='bbox 900 2725 1090 2791; x_wconf 67' lang='lat' dir='ltr'>moria</span> <span class='ocrx_word' id='word_1_138' title='bbox 1130 2723 1451 2811; x_wconf 87' lang='lat' dir='ltr'>repetendo</span> <span class='ocrx_word' id='word_1_139' title='bbox 1479 2721 1906 2803; x_wconf 86' lang='lat' dir='ltr'>recordaretur,</span> <span class='ocrx_word' id='word_1_140' title='bbox 1953 2729 2182 2809; x_wconf 83' lang='lat' dir='ltr'>quanta</span> <span class='ocrx_word' id='word_1_141' title='bbox 2230 2723 2409 2788; x_wconf 85' lang='lat' dir='ltr'>fuerit</span> <span class='ocrx_word' id='word_1_142' title='bbox 2457 2724 2521 2787; x_wconf 92' lang='lat' dir='ltr'>in</span> <span class='ocrx_word' id='word_1_143' title='bbox 2551 2722 2808 2789; x_wconf 86' lang='lat' dir='ltr'>Iberniae</span> <span class='ocrx_word' id='word_1_144' title='bbox 2835 2723 3159 2792; x_wconf 82' lang='lat' dir='ltr'>Catholicae</span> <span class='ocrx_word' id='word_1_145' title='bbox 3199 2749 3286 2792; x_wconf 89' lang='lat' dir='ltr'>re-</span> 
     </span>
     <span class='ocr_line' id='line_1_19' title="bbox 900 2809 3288 2900; baseline 0 -22"><span class='ocrx_word' id='word_1_146' title='bbox 900 2813 1140 2900; x_wconf 87' lang='lat' dir='ltr'>ligionis</span> <span class='ocrx_word' id='word_1_147' title='bbox 1168 2818 1452 2891; x_wconf 78' lang='lat' dir='ltr'>vetustas,</span> <span class='ocrx_word' id='word_1_148' title='bbox 1482 2817 1544 2876; x_wconf 90' lang='lat' dir='ltr'>et</span> <span class='ocrx_word' id='word_1_149' title='bbox 1572 2809 1886 2890; x_wconf 77' lang='lat' dir='ltr'>stabilitae,</span> <span class='ocrx_word' id='word_1_150' title='bbox 1940 2816 2200 2897; x_wconf 86' lang='lat' dir='ltr'>quantus</span> <span class='ocrx_word' id='word_1_151' title='bbox 2251 2810 2470 2890; x_wconf 85' lang='lat' dir='ltr'>cultus,</span> <span class='ocrx_word' id='word_1_152' title='bbox 2499 2816 2762 2890; x_wconf 88' lang='lat' dir='ltr'>ornatus,</span> <span class='ocrx_word' id='word_1_153' title='bbox 2794 2811 3112 2898; x_wconf 88' lang='lat' dir='ltr'>splendor,·</span> <span class='ocrx_word' id='word_1_154' title='bbox 3159 2821 3288 2880; x_wconf 90' lang='lat' dir='ltr'>tum</span> 
     </span>
     <span class='ocr_line' id='line_1_20' title="bbox 900 2896 3289 2984; baseline 0 -19"><span class='ocrx_word' id='word_1_155' title='bbox 900 2901 1216 2984; x_wconf 76' lang='lat' dir='ltr'>praesentia</span> <span class='ocrx_word' id='word_1_156' title='bbox 1244 2899 1321 2964; x_wconf 95' lang='lat' dir='ltr'>ob</span> <span class='ocrx_word' id='word_1_157' title='bbox 1351 2898 1555 2964; x_wconf 88' lang='lat' dir='ltr'>oculos</span> <span class='ocrx_word' id='word_1_158' title='bbox 1599 2896 2006 2984; x_wconf 83' lang='lat' dir='ltr'>proponendo,</span> <span class='ocrx_word' id='word_1_159' title='bbox 2057 2899 2186 2984; x_wconf 85' lang='lat' dir='ltr'>ejus</span> <span class='ocrx_word' id='word_1_160' title='bbox 2221 2897 2575 2963; x_wconf 87' lang='lat' dir='ltr'>hodiernum</span> <span class='ocrx_word' id='word_1_161' title='bbox 2603 2897 2852 2978; x_wconf 87' lang='lat' dir='ltr'>luctum,</span> <span class='ocrx_word' id='word_1_162' title='bbox 2883 2907 2944 2964; x_wconf 91' lang='lat' dir='ltr'>et</span> <span class='ocrx_word' id='word_1_163' title='bbox 2971 2906 3289 2965; x_wconf 83' lang='lat' dir='ltr'>tartareum</span> 
     </span>
     <span class='ocr_line' id='line_1_21' title="bbox 902 2983 3288 3074; baseline 0 -22"><span class='ocrx_word' id='word_1_164' title='bbox 902 2987 1237 3074; x_wconf 84' lang='lat' dir='ltr'>squalorem</span> <span class='ocrx_word' id='word_1_165' title='bbox 1266 2984 1601 3072; x_wconf 83' lang='lat' dir='ltr'>Anglorum</span> <span class='ocrx_word' id='word_1_166' title='bbox 1651 2984 1862 3050; x_wconf 79' lang='lat' dir='ltr'>haeresi</span> <span class='ocrx_word' id='word_1_167' title='bbox 1905 2983 2233 3062; x_wconf 88' lang='lat' dir='ltr'>barbarius,</span> <span class='ocrx_word' id='word_1_168' title='bbox 2281 2991 2342 3049; x_wconf 90' lang='lat' dir='ltr'>et</span> <span class='ocrx_word' id='word_1_169' title='bbox 2368 2984 2685 3050; x_wconf 89' lang='lat' dir='ltr'>immanius</span> <span class='ocrx_word' id='word_1_170' title='bbox 2725 2985 2916 3050; x_wconf 87' lang='lat' dir='ltr'>indies</span> <span class='ocrx_word' id='word_1_171' title='bbox 2943 2984 3288 3066; x_wconf 78' lang='lat' dir='ltr'>bacchante,</span> 
     </span>
     <span class='ocr_line' id='line_1_22' title="bbox 902 3070 3288 3171; baseline 0 -32"><span class='ocrx_word' id='word_1_172' title='bbox 902 3075 1133 3139; x_wconf 66' lang='lat' dir='ltr'>solicita</span> <span class='ocrx_word' id='word_1_173' title='bbox 1187 3075 1407 3139; x_wconf 83' lang='lat' dir='ltr'>mentis</span> <span class='ocrx_word' id='word_1_174' title='bbox 1462 3072 1824 3156; x_wconf 78' lang='lat' dir='ltr'>cogitatione</span> <span class='ocrx_word' id='word_1_175' title='bbox 1881 3077 2186 3136; x_wconf 87' lang='lat' dir='ltr'>cerneret:</span> <span class='ocrx_word' id='word_1_176' title='bbox 2258 3071 2310 3136; x_wconf 86' lang='lat' dir='ltr'>is</span> <span class='ocrx_word' id='word_1_177' title='bbox 2387 3070 2672 3171; x_wconf 68' lang='lat' dir='ltr'>profecto,</span> <span class='ocrx_word' id='word_1_178' title='bbox 2733 3079 2837 3136; x_wconf 85' lang='lat' dir='ltr'>aut</span> <span class='ocrx_word' id='word_1_179' title='bbox 2895 3081 3049 3138; x_wconf 84' lang='lat' dir='ltr'>esset</span> <span class='ocrx_word' id='word_1_180' title='bbox 3106 3075 3288 3139; x_wconf 88' lang='lat' dir='ltr'>animi</span> 
     </span>
     <span class='ocr_line' id='line_1_23' title="bbox 902 3156 3288 3248; baseline 0 -23"><span class='ocrx_word' id='word_1_181' title='bbox 902 3161 1124 3246; x_wconf 80' lang='lat' dir='ltr'>calybe,</span> <span class='ocrx_word' id='word_1_182' title='bbox 1155 3167 1217 3225; x_wconf 89' lang='lat' dir='ltr'>et</span> <span class='ocrx_word' id='word_1_183' title='bbox 1274 3159 1435 3224; x_wconf 87' lang='lat' dir='ltr'>silice</span> <span class='ocrx_word' id='word_1_184' title='bbox 1486 3158 1759 3238; x_wconf 84' lang='lat' dir='ltr'>durioris,</span> <span class='ocrx_word' id='word_1_185' title='bbox 1813 3158 2017 3223; x_wconf 86' lang='lat' dir='ltr'>ferinis</span> <span class='ocrx_word' id='word_1_186' title='bbox 2065 3157 2332 3223; x_wconf 87' lang='lat' dir='ltr'>moribus</span> <span class='ocrx_word' id='word_1_187' title='bbox 2379 3156 2668 3248; x_wconf 73' lang='lat' dir='ltr'>imbutus,</span> <span class='ocrx_word' id='word_1_188' title='bbox 2699 3167 2760 3224; x_wconf 90' lang='lat' dir='ltr'>et</span> <span class='ocrx_word' id='word_1_189' title='bbox 2807 3160 3086 3226; x_wconf 82' lang='lat' dir='ltr'>haeretico</span> <span class='ocrx_word' id='word_1_190' title='bbox 3132 3160 3288 3226; x_wconf 83' lang='lat' dir='ltr'>lacte</span> 
     </span>
     <span class='ocr_line' id='line_1_24' title="bbox 902 3244 3288 3332; baseline 0 -20"><span class='ocrx_word' id='word_1_191' title='bbox 902 3249 1209 3326; x_wconf 78' lang='lat' dir='ltr'>nutritus3</span> <span class='ocrx_word' id='word_1_192' title='bbox 1254 3254 1358 3311; x_wconf 89' lang='lat' dir='ltr'>aut</span> <span class='ocrx_word' id='word_1_193' title='bbox 1408 3246 1627 3332; x_wconf 67' lang='lat' dir='ltr'>magna</span> <span class='ocrx_word' id='word_1_194' title='bbox 1676 3245 2184 3310; x_wconf 85' lang='lat' dir='ltr'>commiseratione</span> <span class='ocrx_word' id='word_1_195' title='bbox 2237 3250 2440 3310; x_wconf 87' lang='lat' dir='ltr'>motus</span> <span class='ocrx_word' id='word_1_196' title='bbox 2487 3244 2815 3332; x_wconf 80' lang='lat' dir='ltr'>lachrymas</span> <span class='ocrx_word' id='word_1_197' title='bbox 2864 3249 2964 3312; x_wconf 85' lang='lat' dir='ltr'>vix</span> <span class='ocrx_word' id='word_1_198' title='bbox 3013 3247 3288 3313; x_wconf 91' lang='lat' dir='ltr'>cohibere</span> 
     </span>
     <span class='ocr_line' id='line_1_25' title="bbox 902 3329 3294 3420; baseline 0 -21"><span class='ocrx_word' id='word_1_199' title='bbox 902 3341 1139 3420; x_wconf 82' lang='lat' dir='ltr'>posset:</span> <span class='ocrx_word' id='word_1_200' title='bbox 1185 3339 1246 3398; x_wconf 93' lang='lat' dir='ltr'>et</span> <span class='ocrx_word' id='word_1_201' title='bbox 1275 3332 1552 3398; x_wconf 87' lang='lat' dir='ltr'>omnibus</span> <span class='ocrx_word' id='word_1_202' title='bbox 1582 3329 1809 3398; x_wconf 84' lang='lat' dir='ltr'>artibus</span> <span class='ocrx_word' id='word_1_203' title='bbox 1837 3329 2184 3397; x_wconf 89' lang='lat' dir='ltr'>enitendum</span> <span class='ocrx_word' id='word_1_204' title='bbox 2201 3353 2329 3397; x_wconf 88' lang='lat' dir='ltr'>esse</span> <span class='ocrx_word' id='word_1_205' title='bbox 2345 3337 2647 3412; x_wconf 83' lang='lat' dir='ltr'>statueret,</span> <span class='ocrx_word' id='word_1_206' title='bbox 2675 3339 2747 3396; x_wconf 88' lang='lat' dir='ltr'>ut</span> <span class='ocrx_word' id='word_1_207' title='bbox 2775 3334 2832 3398; x_wconf 90' lang='lat' dir='ltr'>ei</span> <span class='ocrx_word' id='word_1_208' title='bbox 2857 3355 3042 3420; x_wconf 87' lang='lat' dir='ltr'>regno</span> <span class='ocrx_word' id='word_1_209' title='bbox 3070 3333 3294 3400; x_wconf 81' lang='lat' dir='ltr'>feratur</span> 
     </span>
     <span class='ocr_line' id='line_1_26' title="bbox 902 3417 3288 3506; baseline 0 -20"><span class='ocrx_word' id='word_1_210' title='bbox 902 3421 1208 3500; x_wconf 87' lang='lat' dir='ltr'>auxilium,</span> <span class='ocrx_word' id='word_1_211' title='bbox 1241 3440 1361 3506; x_wconf 91' lang='lat' dir='ltr'>quo</span> <span class='ocrx_word' id='word_1_212' title='bbox 1404 3419 1549 3484; x_wconf 89' lang='lat' dir='ltr'>fides</span> <span class='ocrx_word' id='word_1_213' title='bbox 1598 3418 1946 3504; x_wconf 86' lang='lat' dir='ltr'>Apostoliea</span> <span class='ocrx_word' id='word_1_214' title='bbox 1991 3417 2066 3483; x_wconf 88' lang='lat' dir='ltr'>ab</span> <span class='ocrx_word' id='word_1_215' title='bbox 2110 3419 2522 3484; x_wconf 78' lang='lat' dir='ltr'>haereticorum</span> <span class='ocrx_word' id='word_1_216' title='bbox 2551 3420 2833 3486; x_wconf 80' lang='lat' dir='ltr'>servitute</span> <span class='ocrx_word' id='word_1_217' title='bbox 2859 3421 2926 3485; x_wconf 91' lang='lat' dir='ltr'>in</span> <span class='ocrx_word' id='word_1_218' title='bbox 2954 3419 3288 3487; x_wconf 86' lang='lat' dir='ltr'>libertatem</span> 
     </span>
     <span class='ocr_line' id='line_1_27' title="bbox 900 3505 3290 3593; baseline 0.001 -21"><span class='ocrx_word' id='word_1_219' title='bbox 900 3509 1201 3574; x_wconf 85' lang='lat' dir='ltr'>vindicata</span> <span class='ocrx_word' id='word_1_220' title='bbox 1227 3508 1293 3571; x_wconf 90' lang='lat' dir='ltr'>in</span> <span class='ocrx_word' id='word_1_221' title='bbox 1330 3507 1647 3593; x_wconf 89' lang='lat' dir='ltr'>pristinum</span> <span class='ocrx_word' id='word_1_222' title='bbox 1676 3512 1921 3586; x_wconf 85' lang='lat' dir='ltr'>statum,</span> <span class='ocrx_word' id='word_1_223' title='bbox 1949 3505 2320 3591; x_wconf 87' lang='lat' dir='ltr'>nitoremque</span> <span class='ocrx_word' id='word_1_224' title='bbox 2352 3512 2796 3572; x_wconf 83' lang='lat' dir='ltr'>restauraretur.</span> <span class='ocrx_word' id='word_1_225' title='bbox 2885 3507 3098 3573; x_wconf 83' lang='lat' dir='ltr'>Insula</span> <span class='ocrx_word' id='word_1_226' title='bbox 3121 3531 3290 3574; x_wconf 89' lang='lat' dir='ltr'>nam-</span> 
     </span>
     <span class='ocr_line' id='line_1_28' title="bbox 904 3591 3290 3680; baseline 0 -19"><span class='ocrx_word' id='word_1_227' title='bbox 904 3618 1019 3680; x_wconf 87' lang='lat' dir='ltr'>que</span> <span class='ocrx_word' id='word_1_228' title='bbox 1050 3595 1319 3673; x_wconf 76' lang='lat' dir='ltr'>salubris,</span> <span class='ocrx_word' id='word_1_229' title='bbox 1350 3616 1599 3671; x_wconf 85' lang='lat' dir='ltr'>amoena,</span> <span class='ocrx_word' id='word_1_230' title='bbox 1629 3592 1859 3672; x_wconf 76' lang='lat' dir='ltr'>fertilia,</span> <span class='ocrx_word' id='word_1_231' title='bbox 1891 3591 2280 3678; x_wconf 84' lang='lat' dir='ltr'>serpentibus,</span> <span class='ocrx_word' id='word_1_232' title='bbox 2311 3599 2372 3656; x_wconf 90' lang='lat' dir='ltr'>et</span> <span class='ocrx_word' id='word_1_233' title='bbox 2430 3593 2656 3658; x_wconf 83' lang='lat' dir='ltr'>coeteris</span> <span class='ocrx_word' id='word_1_234' title='bbox 2685 3595 2992 3660; x_wconf 88' lang='lat' dir='ltr'>venenosis</span> <span class='ocrx_word' id='word_1_235' title='bbox 3019 3595 3290 3662; x_wconf 84' lang='lat' dir='ltr'>animali·</span> 
     </span>
     <span class='ocr_line' id='line_1_29' title="bbox 902 3678 3288 3768; baseline 0 -21"><span class='ocrx_word' id='word_1_236' title='bbox 902 3681 1017 3747; x_wconf 90' lang='lat' dir='ltr'>bus</span> <span class='ocrx_word' id='word_1_237' title='bbox 1072 3681 1395 3747; x_wconf 86' lang='lat' dir='ltr'>immunis:</span> <span class='ocrx_word' id='word_1_238' title='bbox 1442 3680 1689 3764; x_wconf 88' lang='lat' dir='ltr'>aliisque</span> <span class='ocrx_word' id='word_1_239' title='bbox 1736 3679 1944 3744; x_wconf 90' lang='lat' dir='ltr'>multis</span> <span class='ocrx_word' id='word_1_240' title='bbox 1989 3678 2248 3758; x_wconf 89' lang='lat' dir='ltr'>dotibus,</span> <span class='ocrx_word' id='word_1_241' title='bbox 2309 3685 2371 3744; x_wconf 94' lang='lat' dir='ltr'>et</span> <span class='ocrx_word' id='word_1_242' title='bbox 2427 3681 2785 3746; x_wconf 87' lang='lat' dir='ltr'>ornamentis</span> <span class='ocrx_word' id='word_1_243' title='bbox 2843 3679 2917 3746; x_wconf 89' lang='lat' dir='ltr'>ab</span> <span class='ocrx_word' id='word_1_244' title='bbox 2968 3682 3197 3768; x_wconf 86' lang='lat' dir='ltr'>opifice,</span> <span class='ocrx_word' id='word_1_245' title='bbox 3227 3689 3288 3748; x_wconf 89' lang='lat' dir='ltr'>et</span> 
     </span>
     <span class='ocr_line' id='line_1_30' title="bbox 902 3766 3288 3852; baseline 0.001 -18"><span class='ocrx_word' id='word_1_246' title='bbox 902 3775 1144 3835; x_wconf 85' lang='lat' dir='ltr'>auctore</span> <span class='ocrx_word' id='word_1_247' title='bbox 1179 3775 1407 3834; x_wconf 81' lang='lat' dir='ltr'>naturae</span> <span class='ocrx_word' id='word_1_248' title='bbox 1436 3767 1569 3832; x_wconf 89' lang='lat' dir='ltr'>Deo</span> <span class='ocrx_word' id='word_1_249' title='bbox 1616 3767 1865 3852; x_wconf 88' lang='lat' dir='ltr'>Optimo</span> <span class='ocrx_word' id='word_1_250' title='bbox 1911 3766 2180 3832; x_wconf 85' lang='lat' dir='ltr'>Maximo</span> <span class='ocrx_word' id='word_1_251' title='bbox 2231 3766 2550 3846; x_wconf 87' lang='lat' dir='ltr'>cumulata,</span> <span class='ocrx_word' id='word_1_252' title='bbox 2597 3789 2736 3832; x_wconf 91' lang='lat' dir='ltr'>cum</span> <span class='ocrx_word' id='word_1_253' title='bbox 2785 3767 2861 3832; x_wconf 84' lang='lat' dir='ltr'>ad</span> <span class='ocrx_word' id='word_1_254' title='bbox 2897 3767 3288 3836; x_wconf 80' lang='lat' dir='ltr'>Christianam</span> 
     </span>
     <span class='ocr_line' id='line_1_31' title="bbox 898 3853 3288 3942; baseline 0.001 -22"><span class='ocrx_word' id='word_1_255' title='bbox 898 3856 1077 3921; x_wconf 90' lang='lat' dir='ltr'>fidem</span> <span class='ocrx_word' id='word_1_256' title='bbox 1096 3857 1326 3922; x_wconf 89' lang='lat' dir='ltr'>circiter</span> <span class='ocrx_word' id='word_1_257' title='bbox 1342 3877 1564 3920; x_wconf 89' lang='lat' dir='ltr'>annum</span> <span class='ocrx_word' id='word_1_258' title='bbox 1588 3853 2002 3940; x_wconf 83' lang='lat' dir='ltr'>Redemptoris</span> <span class='ocrx_word' id='word_1_259' title='bbox 2029 3853 2220 3919; x_wconf 85' lang='lat' dir='ltr'>nostri</span> <span class='ocrx_word' id='word_1_260' title='bbox 2249 3853 2893 3942; x_wconf 81' lang='lat' dir='ltr'>quadringentesimum</span> <span class='ocrx_word' id='word_1_261' title='bbox 2921 3856 3135 3921; x_wconf 80' lang='lat' dir='ltr'>fuisset</span> <span class='ocrx_word' id='word_1_262' title='bbox 3162 3863 3288 3922; x_wconf 86' lang='lat' dir='ltr'>tota</span> 
     </span>
     <span class='ocr_line' id='line_1_32' title="bbox 899 3939 3286 4029; baseline -0 -20"><span class='ocrx_word' id='word_1_263' title='bbox 899 3966 1199 4022; x_wconf 88' lang='lat' dir='ltr'>conversa,</span> <span class='ocrx_word' id='word_1_264' title='bbox 1228 3965 1335 4028; x_wconf 87' lang='lat' dir='ltr'>per</span> <span class='ocrx_word' id='word_1_265' title='bbox 1360 3941 1541 4020; x_wconf 91' lang='lat' dir='ltr'>mille,</span> <span class='ocrx_word' id='word_1_266' title='bbox 1566 3947 1626 4006; x_wconf 92' lang='lat' dir='ltr'>et</span> <span class='ocrx_word' id='word_1_267' title='bbox 1654 3941 1908 4027; x_wconf 89' lang='lat' dir='ltr'>amplius</span> <span class='ocrx_word' id='word_1_268' title='bbox 1924 3963 2113 4006; x_wconf 87' lang='lat' dir='ltr'>annos</span> <span class='ocrx_word' id='word_1_269' title='bbox 2139 3939 2504 4006; x_wconf 87' lang='lat' dir='ltr'>Catholicam</span> <span class='ocrx_word' id='word_1_270' title='bbox 2531 3941 2830 4026; x_wconf 87' lang='lat' dir='ltr'>pietatem,</span> <span class='ocrx_word' id='word_1_271' title='bbox 2861 3949 2922 4008; x_wconf 93' lang='lat' dir='ltr'>et</span> <span class='ocrx_word' id='word_1_272' title='bbox 2942 3943 3286 4029; x_wconf 83' lang='lat' dir='ltr'>religionem</span> 
     </span>
     <span class='ocr_line' id='line_1_33' title="bbox 898 4027 3282 4114; baseline 0 -19"><span class='ocrx_word' id='word_1_273' title='bbox 898 4030 1123 4096; x_wconf 88' lang='lat' dir='ltr'>nullius</span> <span class='ocrx_word' id='word_1_274' title='bbox 1181 4029 1418 4094; x_wconf 75' lang='lat' dir='ltr'>haeresis</span> <span class='ocrx_word' id='word_1_275' title='bbox 1469 4029 1822 4113; x_wconf 87' lang='lat' dir='ltr'>contagione</span> <span class='ocrx_word' id='word_1_276' title='bbox 1866 4027 2164 4106; x_wconf 82' lang='lat' dir='ltr'>infectam,</span> <span class='ocrx_word' id='word_1_277' title='bbox 2217 4033 2501 4107; x_wconf 86' lang='lat' dir='ltr'>sanctam,</span> <span class='ocrx_word' id='word_1_278' title='bbox 2561 4028 3020 4114; x_wconf 82' lang='lat' dir='ltr'>inviolatamque</span> <span class='ocrx_word' id='word_1_279' title='bbox 3047 4051 3282 4096; x_wconf 85' lang='lat' dir='ltr'>conser-</span> 
     </span>
     <span class='ocr_line' id='line_1_34' title="bbox 898 4113 3284 4204; baseline 0.001 -24"><span class='ocrx_word' id='word_1_280' title='bbox 898 4118 1087 4184; x_wconf 86' lang='lat' dir='ltr'>varit:</span> <span class='ocrx_word' id='word_1_281' title='bbox 1135 4139 1243 4204; x_wconf 88' lang='lat' dir='ltr'>per</span> <span class='ocrx_word' id='word_1_282' title='bbox 1268 4125 1392 4181; x_wconf 87' lang='lat' dir='ltr'>tam</span> <span class='ocrx_word' id='word_1_283' title='bbox 1418 4115 1750 4200; x_wconf 84' lang='lat' dir='ltr'>longissimi</span> <span class='ocrx_word' id='word_1_284' title='bbox 1778 4115 2062 4201; x_wconf 89' lang='lat' dir='ltr'>temporis</span> <span class='ocrx_word' id='word_1_285' title='bbox 2103 4113 2386 4180; x_wconf 60' lang='lat' dir='ltr'>saeculum</span> <span class='ocrx_word' id='word_1_286' title='bbox 2431 4137 2610 4180; x_wconf 63' lang='lat' dir='ltr'>sacras</span> <span class='ocrx_word' id='word_1_287' title='bbox 2655 4115 2978 4201; x_wconf 78' lang='lat' dir='ltr'>sapientiae,</span> <span class='ocrx_word' id='word_1_288' title='bbox 3007 4115 3284 4182; x_wconf 80' lang='lat' dir='ltr'>aliarum-</span> 
     </span>
     <span class='ocr_line' id='line_1_35' title="bbox 898 4201 3282 4291; baseline -0 -22"><span class='ocrx_word' id='word_1_289' title='bbox 898 4225 1017 4291; x_wconf 88' lang='lat' dir='ltr'>que</span> <span class='ocrx_word' id='word_1_290' title='bbox 1044 4204 1421 4270; x_wconf 87' lang='lat' dir='ltr'>scientiarum</span> <span class='ocrx_word' id='word_1_291' title='bbox 1450 4201 1664 4266; x_wconf 82' lang='lat' dir='ltr'>studiis</span> <span class='ocrx_word' id='word_1_292' title='bbox 1690 4227 1704 4266; x_wconf 70' lang='grc' dir='ltr'><strong>ε</strong></span> <span class='ocrx_word' id='word_1_293' title='bbox 1747 4202 2076 4266; x_wconf 86' lang='lat' dir='ltr'>innumeris</span> <span class='ocrx_word' id='word_1_294' title='bbox 2103 4223 2254 4288; x_wconf 89' lang='lat' dir='ltr'>pene</span> <span class='ocrx_word' id='word_1_295' title='bbox 2282 4201 2426 4266; x_wconf 85' lang='lat' dir='ltr'>viris</span> <span class='ocrx_word' id='word_1_296' title='bbox 2455 4201 2664 4280; x_wconf 86' lang='lat' dir='ltr'>doctis,</span> <span class='ocrx_word' id='word_1_297' title='bbox 2693 4208 2756 4267; x_wconf 92' lang='lat' dir='ltr'>et</span> <span class='ocrx_word' id='word_1_298' title='bbox 2783 4203 3003 4268; x_wconf 84' lang='lat' dir='ltr'>sanctis</span> <span class='ocrx_word' id='word_1_299' title='bbox 3027 4203 3282 4270; x_wconf 83' lang='lat' dir='ltr'>florens:</span> 
     </span>
     <span class='ocr_line' id='line_1_36' title="bbox 896 4288 3282 4375; baseline 0 -19"><span class='ocrx_word' id='word_1_300' title='bbox 896 4293 1055 4358; x_wconf 86' lang='lat' dir='ltr'>foras</span> <span class='ocrx_word' id='word_1_301' title='bbox 1083 4291 1263 4357; x_wconf 86' lang='lat' dir='ltr'>etiam</span> <span class='ocrx_word' id='word_1_302' title='bbox 1290 4290 1580 4367; x_wconf 79' lang='lat' dir='ltr'>doctores,</span> <span class='ocrx_word' id='word_1_303' title='bbox 1610 4288 2056 4354; x_wconf 84' lang='lat' dir='ltr'>concionatores</span> <span class='ocrx_word' id='word_1_304' title='bbox 2095 4289 2420 4354; x_wconf 86' lang='lat' dir='ltr'>monachos</span> <span class='ocrx_word' id='word_1_305' title='bbox 2447 4289 2690 4354; x_wconf 89' lang='lat' dir='ltr'>mittens</span> <span class='ocrx_word' id='word_1_306' title='bbox 2719 4289 2825 4374; x_wconf 89' lang='lat' dir='ltr'>qui</span> <span class='ocrx_word' id='word_1_307' title='bbox 2869 4290 3142 4375; x_wconf 81' lang='lat' dir='ltr'>regiones</span> <span class='ocrx_word' id='word_1_308' title='bbox 3181 4313 3282 4356; x_wconf 85' lang='lat' dir='ltr'>ex-</span> 
     </span>
     <span class='ocr_line' id='line_1_37' title="bbox 896 4373 3284 4462; baseline 0 -20"><span class='ocrx_word' id='word_1_309' title='bbox 896 4387 1053 4444; x_wconf 86' lang='lat' dir='ltr'>teras</span> <span class='ocrx_word' id='word_1_310' title='bbox 1082 4377 1157 4443; x_wconf 89' lang='lat' dir='ltr'>ab</span> <span class='ocrx_word' id='word_1_311' title='bbox 1199 4377 1438 4443; x_wconf 64' lang='lat' dir='ltr'>haeresis</span> <span class='ocrx_word' id='word_1_312' title='bbox 1483 4374 1842 4462; x_wconf 73' lang='lat' dir='ltr'>pestilentia,</span> <span class='ocrx_word' id='word_1_313' title='bbox 1893 4373 2157 4440; x_wconf 89' lang='lat' dir='ltr'>nubibus</span> <span class='ocrx_word' id='word_1_314' title='bbox 2208 4395 2490 4454; x_wconf 90' lang='lat' dir='ltr'>errorum,</span> <span class='ocrx_word' id='word_1_315' title='bbox 2522 4381 2584 4441; x_wconf 90' lang='lat' dir='ltr'>et</span> <span class='ocrx_word' id='word_1_316' title='bbox 2629 4374 2902 4442; x_wconf 83' lang='lat' dir='ltr'>faucibus</span> <span class='ocrx_word' id='word_1_317' title='bbox 2947 4376 3168 4442; x_wconf 77' lang='lat' dir='ltr'>inferni</span> <span class='ocrx_word' id='word_1_318' title='bbox 3209 4376 3284 4442; x_wconf 90' lang='lat' dir='ltr'>ad</span> 
     </span>
     <span class='ocr_line' id='line_1_38' title="bbox 896 4461 3285 4548; baseline -0.001 -17"><span class='ocrx_word' id='word_1_319' title='bbox 896 4465 1247 4530; x_wconf 81' lang='lat' dir='ltr'>Christianae</span> <span class='ocrx_word' id='word_1_320' title='bbox 1297 4463 1449 4529; x_wconf 88' lang='lat' dir='ltr'>lucis</span> <span class='ocrx_word' id='word_1_321' title='bbox 1493 4461 1670 4548; x_wconf 85' lang='lat' dir='ltr'>jubar</span> <span class='ocrx_word' id='word_1_322' title='bbox 1716 4461 2122 4528; x_wconf 76' lang='lat' dir='ltr'>deducebantz</span> <span class='ocrx_word' id='word_1_323' title='bbox 2169 4461 2351 4542; x_wconf 89' lang='lat' dir='ltr'>domi,</span> <span class='ocrx_word' id='word_1_324' title='bbox 2395 4463 2644 4548; x_wconf 87' lang='lat' dir='ltr'>collegia</span> <span class='ocrx_word' id='word_1_325' title='bbox 2693 4465 3063 4529; x_wconf 82' lang='lat' dir='ltr'>constituens</span> <span class='ocrx_word' id='word_1_326' title='bbox 3104 4465 3285 4530; x_wconf 82' lang='lat' dir='ltr'>vecti-</span> 
     </span>
     <span class='ocr_line' id='line_1_39' title="bbox 897 4548 3286 4638; baseline 0 -22"><span class='ocrx_word' id='word_1_327' title='bbox 897 4553 1131 4637; x_wconf 87' lang='lat' dir='ltr'>galibus</span> <span class='ocrx_word' id='word_1_328' title='bbox 1160 4550 1521 4638; x_wconf 83' lang='lat' dir='ltr'>locupletata</span> <span class='ocrx_word' id='word_1_329' title='bbox 1550 4549 1897 4636; x_wconf 84' lang='lat' dir='ltr'>alienigenis</span> <span class='ocrx_word' id='word_1_330' title='bbox 1923 4548 2042 4635; x_wconf 69' lang='lat' dir='ltr'>pie,</span> <span class='ocrx_word' id='word_1_331' title='bbox 2073 4555 2134 4614; x_wconf 84' lang='lat' dir='ltr'>et</span> <span class='ocrx_word' id='word_1_332' title='bbox 2149 4549 2455 4630; x_wconf 66' lang='lat' dir='ltr'>Catholice</span> <span class='ocrx_word' id='word_1_333' title='bbox 2483 4549 2822 4616; x_wconf 85' lang='lat' dir='ltr'>educandis.</span> <span class='ocrx_word' id='word_1_334' title='bbox 2869 4549 3286 4636; x_wconf 84' lang='lat' dir='ltr'>Superioribus</span> 
     </span>
     <span class='ocr_line' id='line_1_40' title="bbox 898 4634 3284 4724; baseline 0 -22"><span class='ocrx_word' id='word_1_335' title='bbox 898 4641 1055 4702; x_wconf 89' lang='lat' dir='ltr'>enim</span> <span class='ocrx_word' id='word_1_336' title='bbox 1084 4638 1450 4724; x_wconf 85' lang='lat' dir='ltr'>temporibus</span> <span class='ocrx_word' id='word_1_337' title='bbox 1478 4634 1684 4702; x_wconf 86' lang='lat' dir='ltr'>Iberni</span> <span class='ocrx_word' id='word_1_338' title='bbox 1712 4637 1954 4723; x_wconf 85' lang='lat' dir='ltr'>integri,</span> <span class='ocrx_word' id='word_1_339' title='bbox 1982 4635 2262 4702; x_wconf 70' lang='lat' dir='ltr'>moribus·</span> <span class='ocrx_word' id='word_1_340' title='bbox 2294 4636 2641 4723; x_wconf 86' lang='lat' dir='ltr'>incorrupti,</span> <span class='ocrx_word' id='word_1_341' title='bbox 2672 4639 2816 4702; x_wconf 87' lang='lat' dir='ltr'>recti</span> <span class='ocrx_word' id='word_1_342' title='bbox 2861 4637 3131 4722; x_wconf 85' lang='lat' dir='ltr'>justique</span> <span class='ocrx_word' id='word_1_343' title='bbox 3159 4637 3284 4703; x_wconf 88' lang='lat' dir='ltr'>cul-</span> 
     </span>
     <span class='ocr_line' id='line_1_41' title="bbox 898 4723 3286 4824; baseline 0.001 -37"><span class='ocrx_word' id='word_1_344' title='bbox 898 4729 1055 4789; x_wconf 77' lang='lat' dir='ltr'>tores</span> <span class='ocrx_word' id='word_1_345' title='bbox 1082 4725 1343 4790; x_wconf 86' lang='lat' dir='ltr'>fuerunt.</span> <span class='ocrx_word' id='word_1_346' title='bbox 1420 4724 1556 4790; x_wconf 88' lang='lat' dir='ltr'>Hac</span> <span class='ocrx_word' id='word_1_347' title='bbox 1594 4729 1793 4789; x_wconf 88' lang='lat' dir='ltr'>autem</span> <span class='ocrx_word' id='word_1_348' title='bbox 1825 4724 2152 4789; x_wconf 68' lang='lat' dir='ltr'>miserrima</span> <span class='ocrx_word' id='word_1_349' title='bbox 2177 4729 2548 4809; x_wconf 76' lang='lat' dir='ltr'>tempestate,</span> <span class='ocrx_word' id='word_1_350' title='bbox 2579 4724 2732 4788; x_wconf 89' lang='lat' dir='ltr'>sicut</span> <span class='ocrx_word' id='word_1_351' title='bbox 2761 4724 3000 4788; x_wconf 80' lang='lat' dir='ltr'>haeresis</span> <span class='ocrx_word' id='word_1_352' title='bbox 3029 4723 3286 4824; x_wconf 85' lang='lat' dir='ltr'>fideique</span> 
     </span>
     <span class='ocr_line' id='line_1_42' title="bbox 897 4808 3286 4898; baseline 0.001 -24"><span class='ocrx_word' id='word_1_353' title='bbox 897 4817 1108 4896; x_wconf 81' lang='lat' dir='ltr'>spretae</span> <span class='ocrx_word' id='word_1_354' title='bbox 1152 4812 1427 4898; x_wconf 82' lang='lat' dir='ltr'>impiet-as</span> <span class='ocrx_word' id='word_1_355' title='bbox 1476 4811 1667 4877; x_wconf 87' lang='lat' dir='ltr'>multa</span> <span class='ocrx_word' id='word_1_356' title='bbox 1714 4810 2037 4878; x_wconf 84' lang='lat' dir='ltr'>Christiani</span> <span class='ocrx_word' id='word_1_357' title='bbox 2085 4808 2246 4876; x_wconf 89' lang='lat' dir='ltr'>orbis</span> <span class='ocrx_word' id='word_1_358' title='bbox 2295 4833 2479 4897; x_wconf 87' lang='lat' dir='ltr'>regna</span> <span class='ocrx_word' id='word_1_359' title='bbox 2504 4809 2758 4890; x_wconf 65' lang='lat' dir='ltr'>invasit,</span> <span class='ocrx_word' id='word_1_360' title='bbox 2805 4811 2887 4876; x_wconf 85' lang='lat' dir='ltr'>ita</span> <span class='ocrx_word' id='word_1_361' title='bbox 2917 4809 3032 4876; x_wconf 88' lang='lat' dir='ltr'>alia</span> <span class='ocrx_word' id='word_1_362' title='bbox 3061 4811 3286 4898; x_wconf 72' lang='lat' dir='ltr'>flagitia</span> 
     </span>
    </p>
   </div>
  </div>
 </body>
</html>
