3634 5842
489 720 627 789 chr.
679 724 800 809 1v.]
1119 744 1126 751 ·
1175 748 1258 792 nr
1301 746 1501 793 sunno
1546 746 1923 796 Qumnsomr
1966 746 2301 792 mnonuu.
2742 728 2863 791 155

483 918 620 960 cum
653 898 891 965 armatis
918 898 1210 979 veniente,
1241 901 1410 985 quasi
1437 898 1624 965 invito
1654 896 1883 963 Felmio
1933 899 1999 964 in
2024 897 2360 964 libertatem
2387 902 2696 978 asseratur,
2726 921 2867 963 nam

484 983 676 1068 magis
701 985 868 1050 fiatri
896 986 1220 1051 cavendum
1253 987 1500 1065 censuit,
1533 986 1709 1072 quam
1753 986 1967 1050 marito
1996 986 2101 1071 qui
2142 986 2259 1050 iam
2290 986 2498 1051 solitus
2527 991 2651 1051 erat
2678 983 2866 1049 rebel·

483 1068 623 1148 lare,
654 1071 953 1157 vitamque
997 1081 1204 1137 contra
1229 1080 1640 1159 protestantes„
1673 1073 1726 1137 δῦ
1753 1094 1862 1157 pro
1891 1094 2095 1137 eorum
2124 1071 2395 1138 hostibus
2424 1094 2654 1137 vovere.
2724 1070 2863 1143 Quo

482 1156 732 1222 consilio
821 1157 1048 1236 robat0,
1100 1158 1354 1225 Fiachus
1400 1181 1538 1224 cum
1586 1160 1812 1223 armata.
1861 1181 2043 1223 manu
2085 1158 2293 1223 Rubro
2335 1158 2693 1245 opitulatum
2723 1180 2862 1222 con-

483 1241 696 1307 tendit.
780 1182 1004 1310 {torax
1033 1267 1268 1331 quoque
1296 1244 1666 1311 Dubhlinnae
1693 1245 1907 1312 certior
1942 1250 2133 1310 factus
2162 1246 2463 1311 cohortem
2494 1246 2698 1324 mittit,
2730 1264 2864 1329 quae

483 1326 758 1394 Rubrum
808 1333 1075 1397 vinctum
1123 1332 1337 1397 trahat.
1423 1332 1518 1398 Ea
1566 1338 1742 1397 nocte
1781 1338 1910 1397 tam
1950 1330 2184 1419 copiose
2227 1333 2400 1418 pluit,
2430 1338 2497 1397 vt
2525 1354 2678 1417 aqua
2704 1332 2863 1417 ripas

481 1415 742 1481 iute'ecti
791 1418 1053 1484 fluminis
1101 1420 1457 1505 egrediente,
1487 1418 2014 1505 circumjectosque
2058 1442 2297 1505 campos
2339 1418 2667 1484 inundante
2693 1418 2861 1485 nullo

480 1522 581 1566 mo
622 1525 659 1567 o
687 1506 950 1589 potuerit
977 1504 1233 1571 Fiachus
1261 1506 1411 1571 vada
1439 1507 1724 1592 trajicere.
1813 1505 2067 1571 Interim
2094 1506 2301 1590 Angli,
2334 1507 2438 1591 qui
2462 1505 2707 1571 flumine
2735 1527 2860 1569 non

507 1588 962 1691 'rohibeb-antur,
993 1591 1267 1693 Itubrum
1295 1591 1710 1693 Dubhlinnam
1735 1591 2031 1658 deferunt.
2118 1590 2242 1657 Vbi
2270 1593 2334 1694 in
2378 1592 2580 1720 eaden-m
2612 1614 2742 1657 arce
2772 1592 2859 1656 di-

480 1679 1448 1852 iiiffiTssigssssffssssffiffiffssffss
1478 1678 1853 1847 ffinssfflz
1881 1678 2860 1863 ffit‘tqfffflffissiiannsstffi

477 1848 809 2003 fi-t‘fflss
841 1853 1192 2006 fflffissff
1241 1875 1470 2012 ‘'3333‘'
1495 1852 2067 2006 essessssbffifflffiffl’
2081 1852 2857 2005 offmemfiffi‘lssmnssissitffi

477 2042 660 2106 puero
689 2026 877 2091 amico
907 2048 1034 2105 suc,
1069 2030 1121 2093 8⁶
1149 2050 1288 2093 cum
1316 2028 1597 2093 acerrimo
1647 2026 2113 2093 Protestantium
2142 2027 2315 2091 hoste
2342 2026 2562 2091 Fiacho
2592 2047 2855 2091 commu-

477 2108 654 2177 nicat.
740 2111 1054 2179 Edvardus
1082 2136 1229 2199 puer
1257 2137 1320 2180 se
1347 2114 1436 2180 illi
1463 2114 1540 2180 ad
1589 2114 1795 2199 fugam
1842 2114 2119 2179 daturum
2172 2119 2427 2200 quatuor
2471 2136 2505 2177 e
2545 2134 2653 2178 uos
2682 2112 2854 2197 polli-

476 2200 662 2261 cetur.
747 2197 1002 2266 Fiachus
1049 2202 1278 2267 itineris
1328 2201 1558 2280 ducem,
1590 2202 1694 2287 qui
1737 2200 1907 2266 illum
1939 2200 2183 2267 domum
2226 2222 2391 2265 suam
2420 2199 2493 2267 ad
2594 2199 2854 2275 uluriam

476 2280 695 2366 sylvam
726 2284 922 2364 ducat,
956 2289 1010 2352 a
1037 2288 1176 2353 inde
1205 2289 1270 2354 in
1297 2288 1607 2353 Vltoniam
1635 2312 1670 2353 a
1698 2310 1760 2353 se
1781 2288 2139 2353 incolumem
2159 2287 2517 2353 mittendum
2534 2286 2847 2371 promittit.

473 2367 575 2432 Ad
633 2373 1018 2438 constitutam
1065 2383 1302 2441 noctem
1359 2373 1564 2440 Ruber
1617 2373 1820 2440 limam
1878 2375 2257 2460 comparavit,
2304 2376 2423 2459 qua
2476 2373 2852 2438 vinculorum

469 2452 670 2520 clavos
701 2457 833 2536 sibi,
867 2458 1130 2525 Henrico
1161 2462 1212 2526 δι
1241 2462 1393 2526 Arto
1439 2461 1633 2539 scidit,
1667 2463 1718 2527 δε
1761 2462 2007 2526 sericam
2054 2461 2234 2526 telam
2277 2459 2701 2545 longissimam,
2734 2462 2854 2545 qua

471 2560 538 2605 se
567 2541 933 2610 dimitterent
959 2568 1034 2610 ex
1060 2546 1210 2611 arcis
1237 2546 1408 2613 celsae
1433 2547 1692 2633 fastigio.
1779 2547 2150 2631 Intempesta
2175 2552 2351 2611 nocte
2394 2547 2695 2631 superiore
2721 2545 2856 2611 telae

468 2629 840 2694 extremitate
868 2632 944 2697 ad
970 2632 1246 2698 latrinam
1287 2633 1488 2719 ligata,
1523 2633 1822 2699 Henricus
1866 2636 2091 2719 primus
2121 2634 2295 2718 08th
2322 2631 2443 2696 tela
2470 2631 2765 2710 manibus,
2796 2642 2858 2697 et

469 2714 628 2779 inter
671 2736 842 2781 crura
885 2740 992 2804 per
1039 2718 1314 2784 latrinam
1361 2720 1683 2797 descendit,
1733 2741 1847 2784 nec
1896 2720 2087 2784 socios
2138 2723 2409 2804 spectans
2456 2719 2521 2783 in
2549 2718 2857 2783 Vltoniam

469 2800 684 2865 itinere
709 2814 942 2889 arrepto
969 2804 1282 2871 incolumis
1312 2806 1515 2871 evasit.
1604 2806 1885 2889 Sequitur
1913 2803 2137 2884 Ruber,
2168 2805 2272 2889 qui
2301 2805 2520 2869 Artum
2549 2806 2854 2889 spectavit.

470 2888 680 2967 Artus,
733 2886 877 2955 dum
920 2914 1180 2978 praeceps
1226 2914 1333 2978 per
1361 2891 1556 2965 telam
1603 2893 1810 2971 fertur,
1838 2891 2035 2977 lapide
2063 2914 2137 2957 ex
2183 2890 2383 2956 cloaca
2409 2891 2561 2957 forte
2590 2890 2855 2971 cadente,

473 2972 628 3039 male
678 2982 941 3057 vexatur,
989 2979 1207 3064 vixque
1253 3000 1317 3043 se
1367 2978 1715 3045 sustinendo
1761 2984 1853 3043 est
1902 2986 2095 3063 aptus.
2183 2976 2496 3042 Edvardus
2539 2999 2705 3063 puer,
2752 2981 2857 3063 qui

471 3082 658 3147 equos
704 3064 1070 3148 promiserat,
1120 3072 1377 3151 quatuor
1417 3065 1816 3131 velocissimos
1864 3088 1897 3129 e
1941 3064 2156 3150 hippiis
2207 3066 2530 3130 instructos
2580 3086 2685 3150 per
2735 3070 2855 3130 tres

473 3146 1188 3305 {garamma
1236 3088 2219 3305 ”3222322‘232315350113333
2250 3150 2855 3326 annm

477 3321 822 3402 stolabatur,
854 3324 957 3409 qui
986 3328 1058 3390 e&
1105 3330 1301 3404 nocte,
1345 3326 1558 3412 dieque
1587 3332 1871 3412 sequente
1914 3325 2206 3405 Rubrum,
2241 3328 2293 3391 δε
2321 3326 2541 3390 Artum
2566 3348 2676 3411 per
2703 3327 2851 3405 avia,

475 3410 1774 3573 Essssffiffssssaebssfflicleiissfflffssssffinuss
1799 3411 2625 3565 ᾱῖἓὲρέῗιθὲῖὲξῖἲιὲω
2652 3413 2858 3563 Ρὸῧῗὲ

479 3579 702 3662 Ruber,
773 3586 836 3649 ui
861 3584 1045 3671 longo
1096 3586 1324 3665 itinere,
1354 3586 1659 3671 velocique
1707 3608 1889 3651 cursu
1914 3585 2141 3651 calceos
2190 3585 2558 3671 consumpsit
2605 3583 2859 3669 pedibus

477 3668 596 3732 iam
642 3691 724 3733 nu
773 3672 818 3735 's
845 3672 1002 3736 nivis
1027 3672 1304 3757 rigorem,
1332 3672 1716 3758 locorumque
1757 3696 1823 3737 as
1898 3673 2131 3737 ritatem
2174 3692 2475 3762 superans,
2504 3692 2738 3755 ungues
2766 3679 2857 3736 vt-

478 3755 720 3840 riusque
747 3757 977 3841 pollicis
1101 3759 1246 3824 dum
1286 3760 1485 3824 amisit
1525 3759 1662 3823 nive
1689 3780 1822 3823 com
1867 3766 2052 3837 ustoS,
2086 3760 2136 3823 &
2168 3756 2419 3822 avulsos.
2508 3759 2713 3835 Artus,
2745 3759 2859 3823 etsi

475 3840 702 3908 calceos
729 3844 1012 3909 firmiores
1085 3844 1314 3923 abebat,
1345 3844 1558 3931 lapidis
1601 3851 1803 3909 tamen
1846 3866 1987 3909 casu
2028 3844 2283 3930 graviter
2312 3842 2560 3907 afflictus
2586 3842 2855 3930 longum,

479 3928 534 3992 a
561 3951 835 4014 asperum
861 3932 975 3995 iter
1125 3930 1158 3995 ὸ
1188 3932 1438 3997 metiens
1468 3930 1741 3997 Rubrum
1771 3930 2061 3995 tardabat.
2152 3930 2307 3995 Satis
2350 3929 2488 3995 fessi
2518 3930 2592 3995 ad
2620 3936 2858 3997 noctem

477 4016 829 4099 perveniunt
875 4019 941 4082 in
991 4040 1062 4081 su
1104 4024 1437 4083 terraneum
1479 4040 1724 4105 specum
1765 4040 1891 4083 non
1930 4017 2135 4083 multis
2180 4014 2442 4081 millibus
2469 4038 2756 4103 passuum
2782 4016 2857 4083 ab

477 4100 706 4166 aedibus
735 4102 958 4183 Fiachi,
1003 4102 1207 4190 ibique
1235 4104 1472 4183 relictis,
1502 4112 1571 4170 vt
1611 4106 2003 4169 constitutum
2033 4110 2175 4183 erat,
2217 4103 2341 4169 dux
2360 4126 2485 4169 rem
2509 4105 2859 4170 nunciatum

483 4188 558 4252 ad
586 4188 874 4255 Fiachum
917 4192 1190 4257 tetendit.
1277 4191 1420 4256 Duo
1455 4190 1723 4278 juvenes,
1754 4192 1861 4277 qui
1910 4197 2039 4256 toto
2088 4190 2181 4257 die
2231 4198 2533 4257 currentes
2560 4191 2714 4257 nihil
2741 4192 2858 4257 cibi

479 4282 794 4361 eoeperant,
823 4278 978 4343 fame
1007 4274 1442 4357 cruciabantur,
1471 4286 1674 4343 tamen
1715 4279 1925 4344 itinere
1952 4278 2093 4343 lassi
2122 4276 2243 4343 alto
2272 4300 2481 4343 somno
2510 4278 2689 4363 sopiti
2717 4300 2861 4345 noc-

479 4364 604 4427 tem
633 4368 1065 4450 tmnsegerunt.
1154 4364 1412 4451 Jamque
1458 4366 1554 4430 die
1603 4365 1867 4455 secundo
1918 4364 2008 4431 sol
2036 4364 2463 4451 praecipitabat,
2498 4368 2549 4429 δῦ
2592 4364 2795 4431 nullus
2823 4389 2860 4431 a

480 4444 701 4515 Racho
755 4452 1040 4517 remissus
1088 4457 1197 4517 cst.
1286 4452 1488 4517 Tertio
1545 4450 1642 4517 die
1697 4450 1897 4517 inedia
1953 4458 2273 4538 premente,
2336 4458 2374 4487 “
2392 4451 2603 4531 Arte,”
2660 4452 2861 4539 inquit

552 4604 578 4633 ⁶
613 4607 760 4663 A.D.
794 4611 948 4673 1590,
973 4610 1116 4665 after
1141 4628 1210 4664 an
1234 4608 1649 4681 imprisonment
1671 4609 1739 4663 of
1774 4610 1931 4663 three
1954 4625 2110 4681 years
2132 4608 2240 4662 and
2264 4608 2419 4663 three
2441 4609 2677 4664 months.
2755 4612 2859 4667 See

480 4674 898 4801 tgoigteresting
937 4689 1171 4736 account
1209 4680 1275 4735 of
1309 4681 1405 4735 the
1427 4680 1550 4735 first
1571 4688 1808 4753 attempt
1832 4687 1891 4734 to
1928 4696 2121 4751 escape
2142 4680 2197 4732 in
2222 4678 2317 4733 the
2343 4680 2495 4734 Four
2520 4680 2775 4747 Mamers,
2799 4702 2855 4755 p.

551 4820 582 4885 ἲ
609 4816 675 4873 In
699 4821 794 4875 the
817 4822 1013 4878 winter
1037 4824 1104 4879 of
1125 4826 1278 4880 1592.
1353 4824 1460 4879 See
1485 4823 1641 4879 Four
1667 4822 1924 4887 Mateta,
1948 4840 2001 4894 p.
2034 4825 2187 4886 1913,
2213 4824 2363 4877 1925.
