3634 5842
932 755 1010 817 36
1360 751 1774 816 οέῠιιΕνΑΝῙ
1820 765 2129 812 ms'rosns
2174 765 2559 824 cunonem,
2604 765 2752 810 ron.
2800 767 2845 810 1.
3002 745 3154 830 [nus.
3204 765 3311 810 111.

929 945 1155 1004 manos,
1205 923 1466 1002 Graecos,
1515 929 1573 987 et
1627 923 1955 988 Germanos
2003 919 2397 1006 Imperatores
2441 925 2504 985 et
2550 917 2835 997 Caesares,
2880 943 2914 984 a
2958 919 3193 986 Caesare
3252 929 3317 985 et

931 1013 1241 1097 Augustos
1269 1010 1353 1075 ub
1405 1010 1684 1095 Angusto
1709 1009 1905 1073 vocari
1928 1008 1959 1072 P
2045 1007 2143 1072 Ita
2172 1006 2389 1073 nobilis
2416 1013 2478 1071 et
2506 1007 2753 1092 antiqua
2794 1007 2911 1071 fuit
2955 1005 3312 1071 Ibernornm

930 1099 1267 1185 principum
1317 1093 1704 1174 consuetudO,
1757 1096 1861 1180 qui
1908 1093 2285 1180 dignitatum,
2332 1093 2427 1158 vel
2474 1092 2789 1158 titulorum
2838 1094 3081 1158 nomina
3130 1115 3165 1158 a
3214 1095 3313 1158 sui

931 1185 1185 1271 quisque
1213 1185 1444 1270 generis
1493 1183 1760 1261 authore,
1791 1185 2190 1267 sumpserunt.
2280 1179 2463 1251 Quod
2506 1180 2789 1264 exemplis
2830 1179 3011 1266 longe
3037 1179 3313 1245 maximis

931 1278 994 1337 et
1019 1270 1626 1337 honorificentissimis
1654 1291 1690 1334 a
1715 1266 1891 1334 nobis
1906 1267 2484 1353 explicatumfuisse,
2504 1266 2715 1351 aliquis
2731 1266 2929 1331 forsan
2959 1265 3313 1352 arrogantiae

929 1360 1189 1424 verterit.
1277 1357 1391 1423 Oui
1419 1379 1532 1442 ego
1560 1377 1909 1442 responsum
1956 1354 2158 1433 velim,
2186 1353 2363 1420 licere
2411 1375 2593 1440 parva
2632 1352 2866 1438 magnis
2894 1375 3061 1418 exem
3104 1354 3179 1418 lis
3208 1375 3311 1417 ex-

928 1444 1151 1531 plicari,
1201 1444 1548 1531 praesertim,
1599 1464 1738 1508 cum
1787 1441 1901 1508 alia
1946 1461 2069 1506 non
2120 1447 2459 1527 suppetant,
2496 1451 2633 1505 cum
2678 1440 2925 1526 aliorum
2968 1448 3075 1506 aut
3118 1461 3309 1518 orum,

927 1538 1057 1598 tum
1087 1531 1289 1597 Ovidii
1314 1531 1580 1597 Nasonis
1605 1531 1954 1608 imitatione,
1974 1529 2079 1614 qui
2107 1549 2244 1593 cum
2273 1525 2349 1593 ab
2378 1528 2659 1613 Augusto
2686 1528 2749 1592 in
2780 1527 3023 1592 exilium
3050 1527 3311 1593 mittere-

926 1624 1045 1700 tur,
1076 1619 1290 1696 domus
1317 1639 1444 1692 suae
1470 1618 1702 1684 luctum
1731 1613 1924 1682 Troiae
1950 1613 2259 1682 funeribus
2286 1615 2596 1680 conferens
2624 1615 2743 1679 ait:

1491 1779 1552 1833 si
1574 1779 1708 1834 lieet
1729 1779 1931 1851 parvis,
1956 1778 2217 1850 exemplis
2236 1780 2539 1850 grandibus
2562 1779 2665 1843 uti,

1493 1851 1651 1905 Tunc
1673 1850 1840 1904 facies
1865 1849 2051 1920 Trojoe
2075 1867 2201 1904 cum
2225 1859 2514 1923 caperetur
2539 1859 2675 1906 erat.

926 2004 1020 2068 Ac
1099 2001 1305 2068 Iberni
1384 2001 1624 2086 quidem
1687 2010 2011 2086 magnates,
2086 2010 2287 2070 tamen
2358 2004 2409 2067 si
2482 2025 2617 2067 cum
2683 2002 2866 2068 tantis
2936 2025 2999 2068 re
3062 2002 3176 2068 bus
3248 2010 3311 2070 et

925 2089 1263 2155 monarchis
1313 2087 1652 2154 conferendi
1716 2089 1884 2154 nullo
1930 2089 2109 2155 modo
2160 2097 2321 2170 sunt,
2384 2089 2768 2154 nihilominus
2834 2025 3305 2157 Marcffiionibus.

927 2173 1281 2255 comitibus,
1309 2174 1798 2255 Vicecomitibus,
1834 2175 2170 2242 Batonibus
2192 2179 2433 2242 minime
2462 2177 2706 2241 fuerunt
2732 2176 3055 2242 inferiores.
3144 2177 3309 2243 Nam

925 2284 1107 2347 penes
1135 2263 1450 2348 plerosque
1476 2262 1593 2326 fuit
1608 2261 1708 2347 jus
1730 2261 1931 2346 gladii,
1946 2263 2306 2350 proeflciendi
2324 2263 2447 2328 suis
2462 2263 2680 2329 finibus
2695 2262 2945 2349 judiceS,
2963 2263 3308 2350 aliquasque

926 2350 1380 2414 constitutiones
1409 2354 1468 2413 et
1496 2349 1889 2434 pragmaticas
1918 2350 2319 2415 constituendi
2346 2350 2595 2416 facultas
2622 2379 2635 2415 :
2680 2358 2743 2414 et
2768 2349 2977 2416 vicinis
3005 2351 3307 2418 indicendi

923 2433 1082 2517 belli,
1113 2458 1249 2502 cum
1275 2434 1603 2520 iisdemque
1630 2435 1791 2520 pacis
1819 2435 2093 2502 ineundae
2122 2441 2400 2524 potestas.

1952 2898 2131 2963 CAP.
2176 2897 2292 2963 VI.

1829 3065 1914 3117 De
1939 3063 2113 3118 Novis
2136 3063 2365 3118 lbet-nis.

922 3211 1122 3290 Sans,
1153 3216 1218 3279 ni
1247 3215 1436 3293 fallor,
1457 3216 1530 3281 de
1547 3222 1810 3280 veterum
1836 3215 2195 3280 Ibernorum
2224 3215 2309 3280 ori
2360 3216 2451 3280 'ne
2478 3214 2753 3280 diximus.
2840 3215 2941 3280 Ad
2969 3235 3157 3282 novos
3178 3218 3305 3304 jam

921 3298 1204 3364 orationis
1233 3310 1453 3367 nostrae
1502 3324 1741 3368 cursum
1792 3303 2233 3368 transferamus.
2312 3237 2488 3368 ῗῖονί
2528 3301 2735 3368 Iberni
2764 3310 2907 3368 sunt
2932 3303 3044 3384 illi,
3074 3306 3181 3390 qui
3208 3305 3305 3370 vel

920 3405 993 3462 ex
1020 3384 1329 3454 Danorum
1357 3411 1574 3475 genere
1601 3389 1666 3452 in
1697 3387 1939 3454 Ibernia
1964 3395 2331 3468 manserunt,
2365 3389 2649 3475 (namque
2676 3390 2841 3456 Dani
2866 3389 3118 3456 Ibernos
3146 3390 3305 3458 bello

921 3481 1343 3558 oppugnarunt
1372 3482 1443 3542 ut
1471 3474 1732 3542 secundo
1749 3479 1914 3540 tomo
1937 3475 2379 3561 demonstrabo)
2412 3476 2509 3541 vel
2525 3483 2730 3562 postea
2759 3477 2824 3542 in
2852 3495 2983 3542 eam
3012 3485 3303 3544 venerunt

920 3567 1309 3628 mercaturam
1338 3563 1594 3629 faciendi
1640 3585 1837 3642 causa,
1884 3561 2325 3629 condendarum
2376 3560 2617 3629 urbium
2661 3564 2829 3629 sedes
2890 3563 2965 3629 ab
3009 3563 3303 3635 Ibernicis

919 3647 1316 3734 magnatibus,
1327 3649 1544 3737 quibus
1571 3649 1828 3736 vectigal
1842 3649 2199 3735 pendebant,
2219 3649 2592 3736 accipientes,
2610 3651 2705 3716 vel
2721 3649 2929 3716 eodem
2958 3673 3031 3716 ex
3059 3653 3299 3739 Anglia,

917 3754 1023 3832 seu
1051 3734 1291 3889 ahl’fflde
1319 3737 1431 3804 sub
1461 3735 1801 3824 Anglorum
1826 3737 2077 3822 imperio
2098 3737 2474 3823 trajecerunt,
2496 3739 2617 3802 sive
2640 3737 2821 3818 Galli,
2840 3738 2967 3804 sive
2997 3737 3301 3820 Hetrusei,

914 3841 1038 3886 sive
1066 3843 1098 3887 a
1127 3822 1163 3837 ‘⁶
1221 3825 1464 3892 uerint.‘

1005 3907 1093 3973 Hi
1119 3931 1326 3976 rursus
1353 3912 1663 3992 notissima
1683 3911 1974 3978 divisione
1988 3911 2147 3977 inter
2167 3933 2229 3977 se
2250 3910 2723 3997 distinguuntur,
2742 3911 2939 3976 animo
2960 3911 3025 3976 in
3047 3912 3299 3998 Anglos,

918 3993 1171 4079 legibus,
1202 4004 1263 4061 et
1291 3999 1594 4064 communi
1609 3998 1895 4083 loquendi
1936 4021 2072 4064 usu.
2114 3998 2501 4084 Antiquiores
2528 4005 2591 4064 et
2618 3997 2941 4063 nobiliores
2961 4019 3085 4064 non
3104 3999 3301 4066 solum

917 4079 1144 4162 Iberni,
1170 4083 1275 4148 sed
1301 4085 1480 4150 etiam
1531 4083 1793 4150 Ibernici
1836 4091 1897 4150 et
1922 4084 2220 4150 habentur
2260 4092 2323 4150 et
2364 4107 2499 4150 vere
2528 4092 2705 4150 sunt:
2752 4105 3009 4172 quorum
3052 4109 3299 4152 numero

775 4170 896 4240 [35]
961 4167 1248 4254 rincipem
1274 4169 1470 4236 locum
1481 4173 1510 4254 ΙΙ
1559 4169 1834 4236 obtinent
1877 4171 2191 4252 Giraldini,
2237 4171 2457 4251 Burki,
2504 4171 2756 4252 Butleri,
2786 4171 2998 4250 Barrii,
3052 4173 3297 4252 Bochai,

1007 4256 1255 4336 udones,
1285 4255 1499 4337 Curtii,
1527 4255 1740 4336 Lessii,
1769 4257 1988 4344 aliique
2054 4257 2235 4323 lures.
2321 4258 2377 4323 Ε
2400 4256 2619 4346 quibus
2638 4258 2993 4324 nobilissimi
3034 4266 3303 4326 veterum

919 4340 1277 4409 Ibernorum
1303 4366 1468 4410 more
1495 4343 1885 4432 principatus,
1914 4351 1977 4412 et
2048 4346 2245 4410 onoris
2275 4347 2515 4411 nomina
2541 4344 2657 4412 sibi
2684 4345 3029 4424 induerunt,
3060 4346 3302 4432 regibus

915 4429 1158 4515 Angliae
1183 4432 1406 4513 invitis,
1437 4439 1508 4498 ut
1549 4431 1690 4496 Mac
1733 4431 2014 4512 Thomas,
2040 4433 2214 4519 cnjus
2260 4455 2625 4507 successores
2673 4433 2919 4498 fuerunt
2966 4433 3165 4499 Desiae
3206 4433 3325 4500 vel·

913 4513 1255 4584 Desmoniae
1283 4519 1549 4599 comiteS,
1602 4515 1742 4584 Mac
1763 4517 2125 4600 Wssliamm,
2172 4519 2314 4586 Mac
2342 4520 2555 4599 Moris,
2614 4520 2755 4585 Mac
2784 4518 2961 4585 Padri
3048 4543 3098 4600 s,
3116 4595 3131 4610 ι
3157 4519 3300 4587 Mac

913 4599 1179 4684 Pheoris,
1208 4604 1350 4673 Mae
1377 4605 1586 4685 Pieris,
1617 4605 1760 4672 Mac
1788 4605 1969 4672 Maus
1996 4615 2059 4672 et
2129 4629 2205 4672 ua
2232 4607 2329 4672 via
2398 4612 2627 4687 ossunt,
2656 4607 2891 4672 malunt
3022 4607 3299 4692 antiquos

912 4687 1182 4771 Ibernos,
1213 4689 1308 4756 vel
1335 4692 1412 4758 ad
1441 4693 1748 4779 Hispanos
1797 4693 2060 4773 Graecos,
2230 4715 2316 4772 os,
2420 4699 2670 4773 truscos,
2698 4693 2927 4772 Danos,
2970 4699 3076 4760 aut
3121 4694 3296 4760 aliam

913 4782 1173 4861 gentem,
1225 4798 1400 4864 quam
1461 4781 1536 4846 ad
1596 4743 1830 4866 Angfos
1886 4781 2100 4847 referre
2160 4780 2255 4845 sui
2320 4779 2551 4865 generis
2626 4781 2934 4866 originem,
3010 4779 3299 4848 Ibemum
