3634 5842
348 744 483 789 car.
530 720 679 806 νη]
1059 738 1144 783 nn
1185 735 1382 781 annno
1427 733 1788 783 Qumnncm
1834 730 2162 777 Annonem.
2596 710 2719 771 159

345 898 506 977 fecit,
537 900 658 983 qua
684 900 810 961 erat
835 891 1136 970 felicitate,
1169 891 1220 955 δι
1249 888 1488 965 virtute,
1531 885 1897 951 Gulielmum
1944 884 2115 949 hasta
2142 880 2501 968 trajiciendo.
2591 879 2731 978 Quo

351 986 546 1051 occiso
593 982 791 1049 caeteri
837 978 989 1044 nihil
1039 976 1292 1063 amplius
1331 976 1695 1051 institerunt,
1746 973 1798 1037 ὅτ,
1845 970 2221 1050 O'Buarkus,
2283 970 2333 1034 &
2362 967 2503 1033 Mae
2546 966 2734 1031 Gmer

348 1072 554 1157 praeda
578 1065 953 1157 potiuntur.”

1356 1526 1539 1593 CAP.
1584 1526 1736 1593 VII.

363 1718 492 1775 Mac
521 1719 695 1774 Guier
717 1716 945 1771 adverso
967 1722 1146 1769 marte
1170 1730 1296 1768 cum
1320 1730 1351 1767 r
1421 1712 1483 1798 :o-
1514 1712 1776 1799 exercitu·
1794 1711 2037 1797 dimicat,
2060 1722 2115 1768 et
2141 1711 2534 1767 Inniskillinam
2559 1728 2738 1768 arcem

1156 1801 1256 1858 per
1280 1798 1384 1855 pro
1442 1792 1648 1839 tionem
1673 1792 1896 1839 amittit.

367 1973 528 2039 Hfflc
579 1972 722 2037 dum
771 1969 1120 2057 agebantur,
1169 1967 1462 2034 exercitus
1505 1967 1644 2047 duo,
1670 1990 1841 2067 'quos
1868 1970 1934 2033 in
1963 1968 2103 2035 Mac
2133 1969 2413 2035 Guierem
2454 1969 2747 2036 conscribi

364 2062 570 2146 regina
596 2060 863 2138 iusserat,
894 2056 1218 2142 comparati
1245 2060 1405 2120 sunt.
1493 2054 1686 2119 Alten
1715 2064 1962 2141 praeerat
1980 2056 2278 2122 Henricus
2316 2056 2547 2143 Bagnal
2567 2080 2747 2143 eques

366 2154 606 2213 auratus
655 2144 911 2211 Iberniae
959 2146 1418 2220 castrametator,
1450 2148 1510 2205 et
1538 2141 2158 2293 Vltoniaedpraefectus,
2183 2146 2287 2245 qui
2315 2144 2559 2209 minime
2587 2167 2747 2231 sper-

365 2235 592 2301 nendas
621 2232 818 2318 copias
847 2252 921 2296 ex
949 2228 1204 2309 Ibernis,
1235 2227 1354 2293 and
1381 2227 1598 2314 Anglis
1627 2229 1800 2314 praesi
1864 2232 2020 2310 ariis,
2051 2229 2403 2317 Ibermsque
2429 2254 2619 2319 nuper
2648 2232 2749 2296 de-

363 2320 534 2386 lectis
565 2318 836 2385 ducebat.
923 2316 1175 2401 Equites
1205 2314 1459 2381 habebat
1483 2316 1890 2401 septingentos
1918 2339 2171 2402 quorum
2188 2328 2415 2405 partem
2445 2320 2747 2405 majorem,

369 2414 432 2473 et
458 2407 727 2492 peditum
777 2426 904 2470 non
952 2426 1192 2489 parvam
1241 2400 1522 2486 perduxit
1569 2424 1766 2467 comes
1809 2403 2082 2486 TironuS,
2136 2407 2239 2490 qui
2281 2407 2483 2491 jussus
2532 2406 2753 2491 reginae

369 2493 620 2578 imperio
647 2514 771 2557 non
799 2512 999 2576 gerere
1025 2510 1268 2567 morem,
1299 2486 1542 2553 minime
1571 2488 1685 2554 sibi
1711 2490 2012 2574 integrum
2040 2493 2307 2577 putabat.
2396 2492 2538 2557 Mac
2568 2492 2755 2557 Guier

371 2578 754 2665 impendente
797 2575 1062 2662 periculo
1109 2574 1419 2661 perculsus
1465 2572 1889 2655 O’Donellum,
1940 2582 2005 2641 vt
2056 2577 2170 2642 sibi
2238 2576 2535 2643 raesidium
2583 2579 2753 2656 ferat,

373 2670 566 2751 rogat.
653 2664 747 2729 Ex
779 2684 900 2748 quo
929 2664 1182 2747 acceptis
1209 2660 1414 2745 paucis
1441 2659 1675 2725 Ibernis
1695 2660 2099 2761 bipenniferis,
2124 2666 2175 2729 δι
2274 2664 2399 2729 otis
2418 2664 2754 2749 sagittariis,
2842 2692 2853 2703 ·

379 2754 432 2818 δι
461 2752 686 2836 aliquot
715 2748 986 2815 oboeratis
1015 2748 1140 2812 suis
1191 2746 1429 2811 armatis
1473 2746 1652 2832 longe
1698 2770 2028 2831 exiguiores
2070 2750 2287 2835 copias,
2320 2772 2497 2835 quam
2546 2751 2754 2829 hostis,

379 2837 654 2917 habebat,
683 2856 940 2924 quorum
969 2839 1138 2899 erant
1165 2833 1392 2920 equites
1420 2833 1542 2897 fere
1571 2842 1830 2898 centum.
1882 2834 2114 2920 Bagnal
2142 2836 2226 2901 cis
2252 2836 2507 2902 Ernium
2532 2836 2757 2901 fiumen

377 2920 1411 3079 ffiffpfiscgmffimffingff„
1437 2920 2277 3074 inssossssissssssssmssifissamfissss
2290 2922 2757 3075 ,ἔέῗᾞὲἓιῖἃ

525 3036 548 3078 1
616 3034 742 3077 nun
1866 3058 1886 3087 ,
2420 3060 2440 3089 ‚
2731 3049 2758 3062 -

378 3108 570 3165 turus.
659 3098 758 3164 Ab
841 3096 971 3163 tera
994 3058 1015 3089 ’
1039 3101 1165 3160 arte
1192 3029 1552 3159 Maceffiqer
1600 3030 1963 3161 consederag.
2048 3032 2540 3182 Vltrbffecitrbqiie
2568 3096 2759 3162 missi-

373 3186 539 3252 libus
582 3186 852 3274 praelium
901 3184 1002 3249 inc
1044 3188 1254 3248 oatur:
1285 3180 1436 3267 regii
1483 3203 1730 3247 numero
1757 3183 2035 3263 militum,
2066 3185 2362 3250 armorum
2391 3206 2623 3270 genere,
2653 3206 2758 3249 na-

382 3274 522 3339 tura
548 3273 664 3337 loci
691 3271 1053 3358 prestabant.
1140 3266 1322 3347 Nam,
1355 3270 1408 3333 δι
1434 3268 1732 3354 peditatus
1781 3269 2164 3337 multitudine
2206 3272 2531 3358 superiores
2575 3277 2761 3351 erant,

383 3360 614 3445 equites
643 3360 1046 3445 septingentos
1097 3362 1304 3421 contra
1353 3362 1594 3421 centum
1641 3355 1956 3436 habebant,
1990 3359 2041 3423 &
2070 3357 2509 3425 bombardarios
2559 3366 2766 3425 contra

385 3444 758 3529 sagittarios:
800 3466 994 3529 neque
1021 3443 1182 3509 enim
1210 3442 1485 3529 sagittam
1514 3449 1636 3507 tam
1665 3442 1843 3527 longe
1863 3443 2160 3530 jaculatur
2186 3468 2373 3526 arcus,
2399 3468 2575 3531 quam
2596 3444 2765 3511 bom-

387 3528 574 3595 barda
621 3528 959 3628 plumbeam
1004 3529 1205 3614 pilam.
1294 3529 1588 3594 Praeterea
1637 3526 2033 3596 bombardarii
2061 3554 2136 3596 ex
2178 3532 2357 3617 sylvfl,
2389 3555 2521 3617 quae
2552 3531 2627 3597 ad
2654 3532 2765 3595 flu·

389 3616 570 3682 minis
597 3638 786 3701 npam
813 3614 1164 3701 pertinebat,
1194 3614 1530 3681 Catholieos
1557 3615 1624 3679 in
1642 3616 1895 3701 planicie
1917 3624 2159 3696 stantes,
2177 3618 2421 3705 impune
2437 3617 2725 3684 feriebant
2750 3644 2764 3681 :

390 3710 452 3769 et
481 3702 770 3789 sagittarii
795 3702 860 3766 in
887 3702 1080 3789 regios
1107 3700 1382 3768 arborum
1433 3702 1724 3766 densitate
1763 3709 2067 3788 protectos
2092 3704 2335 3769 minime
2376 3710 2651 3791 poterant
2678 3726 2769 3769 sa-

393 3791 574 3878 gittas
597 3787 924 3855 collineare.
1013 3788 1112 3851 Ita
1139 3809 1276 3851 eum
1302 3794 1668 3874 pugnaretur
1687 3810 1905 3871 magno
1928 3788 2363 3855 catholicorum
2395 3792 2767 3870 detrimentn,

389 3899 592 3945 comes
619 3876 893 3952 Tironus,
924 3874 1027 3958 qui
1062 3874 1226 3959 regio
1257 3874 1544 3957 equitatui
1562 3881 1829 3959 praeerat,
1860 3874 2183 3941 calcaribus
2211 3877 2425 3942 additis
2454 3898 2590 3942 cum
2608 3878 2772 3942 omni

394 3964 666 4051 equitatu
693 3960 912 4025 vadum
939 3964 1228 4045 penetrat,
1261 3962 1311 4025 sc
1339 3960 1404 4023 in
1433 3958 1770 4024 Catholicos
1819 3962 2261 4046 impressionem
2304 3965 2525 4029 faciens
2568 3986 2773 4029 omnes

391 4050 612 4129 fundit,
643 4050 924 4131 fusosque
949 4046 1285 4131 insequitur
1309 4068 1434 4111 non
1461 4052 1660 4110 tamen
1687 4046 1902 4132 longe3
1933 4070 2069 4113 nam
2090 4048 2164 4114 ab
2195 4048 2414 4115 Iberno
2441 4051 2641 4137 pedite
2666 4072 2773 4137 per

393 4140 587 4204 femur
615 4134 734 4201 telo
763 4134 1080 4199 transfixus
1107 4140 1216 4212 ost,
1250 4136 1302 4199 8τ
1331 4131 1472 4197 Mac
1501 4131 1688 4197 Guier
1715 4156 1853 4199 cum
1896 4136 2162 4219 equitatu
2192 4160 2300 4203 suo
2330 4137 2631 4225 peditibus
2658 4140 2775 4202 fert

397 4224 745 4289 subsidium.
835 4220 929 4286 Ea
975 4222 1180 4307 pugna
1226 4220 1540 4285 desiderati
1580 4225 1721 4285 sunt
1747 4221 2039 4287 Catholici
2067 4224 2264 4289 minus
2295 4225 2553 4304 ducenti,
2586 4246 2658 4289 ex
2686 4247 2775 4288 re-

399 4334 511 4461 Ἑιε
539 4332 824 4398 perquam
895 4308 1044 4374 auci.
1133 4306 1302 4372 Inter
1328 4306 1634 4385 (litonum,
1666 4308 1768 4392 qui
1794 4309 1911 4373 fuit
1938 4310 2105 4394 gravi
2150 4311 2387 4377 vulnere
2430 4312 2692 4391 affectus,
2726 4313 2777 4377 δε

457 4397 724 4483 agnalem
753 4419 827 4461 ex
895 4397 966 4459 ac
993 4413 1231 4478 quoque
1259 4393 1505 4458 victoria
1526 4401 1698 4459 vetus
1724 4396 2036 4461 inimicitia
2063 4404 2331 4481 augetur,
2364 4398 2506 4463 dum
2535 4404 2777 4483 vterque

403 4484 515 4549 sibi
544 4484 788 4569 gloriam
839 4489 1113 4567 arrogat:
1158 4479 1408 4566 Bagnal‚
1439 4480 1600 4579 quod
1647 4481 1774 4567 ipse
1816 4489 1971 4547 esset
2021 4484 2309 4549 exercitus
2358 4486 2693 4571 imperator,
2726 4486 2777 4550 &

402 4568 662 4635 Vltoniae
689 4569 1004 4655 praefeotus
1034 4574 1277 4633 caeteros
1298 4568 1546 4652 impeno
1562 4590 1774 4654 regens
1791 4571 1851 4651 3ss
1886 4568 2161 4649 Tironus,
2183 4571 2340 4655 quod
2359 4572 2486 4657 ipse
2504 4594 2773 4660 magnam
2798 4599 2979 4670 [126]

481 4807 508 4832 ⁸
542 4806 596 4861 A
620 4805 748 4861 ford
771 4803 842 4863 on
867 4808 959 4863 the
983 4810 1129 4866 river
1154 4809 1330 4876 Erne,
1354 4808 1480 4867 half
1490 4826 1526 4865 a
1551 4808 1678 4865 mile
1700 4818 1837 4866 west
1860 4810 1927 4865 of
1943 4810 2187 4877 Beneck,
2208 4830 2263 4885 p.
2297 4816 2451 4869 1940.
