3634 5842
902 780 1024 845 190
1306 779 1718 846 o'suLanAM
1763 800 2077 847 nmmum
2122 801 2507 861 carrionem,
2550 801 2698 847 rou.
2732 802 2833 847 111.
3008 782 3165 867 [ua.
3198 803 3295 849 ιν.

896 954 1253 1022 subveniens
1280 954 1525 1041 pavidos
1546 953 1895 1041 recepisset:
1943 956 2048 1041 qui
2074 978 2139 1019 re
2165 955 2386 1021 infecta
2414 954 2451 1018 ὲ
2478 954 2639 1021 Lisia
2660 954 2947 1021 discessit.
3035 955 3290 1021 Bernar-

899 1044 1012 1107 dus
1057 1043 1215 1107 intra
1265 1042 1647 1127 quatriduum
1676 1041 1920 1107 vulnere
1948 1043 2215 1107 moritur.
2303 1041 2489 1106 Cuius
2518 1040 2689 1107 obitu
2716 1048 2847 1107 tota
2872 1042 3137 1129 Lagania
3163 1066 3291 1109 non

898 1151 1116 1215 magno
1144 1129 1396 1216 negocio
1424 1128 1633 1193 fuisset
1661 1128 1911 1193 forsitan
1937 1129 2222 1215 pacanda,
2239 1128 2356 1193 nisi
2386 1126 2627 1193 Huonis
2645 1128 2948 1194 O’Morrae
3044 1152 3289 1217 roppor-

897 1224 1083 1281 tunus
1141 1216 1431 1283 adventus
1488 1216 1855 1301 conspiratos
1913 1216 2331 1281 confirmasset.
2444 1214 2584 1285 Quo
2640 1222 2907 1302 tempore
3032 1240 3155 1282 uon
3212 1216 3288 1283 ab

897 1303 1159 1369 O'Nello
1189 1301 1427 1388 petebat
1457 1302 1761 1381 auxilium,
1794 1302 1954 1389 apud
1981 1301 2149 1367 illum
2204 1308 2346 1381 erat,
2380 1300 2773 1387 Raymundus
2801 1302 3047 1369 Burkus
3076 1304 3292 1369 Lietri-

897 1413 1011 1455 mae
1067 1389 1226 1455 Baro
1303 1388 1776 1476 possessionibus
1852 1388 2054 1454 orbus.
2178 1388 2698 1459 Quemadmodum
2776 1390 2938 1455 enim
3018 1392 3288 1477 superius

898 1477 1450 1555 demonstravimus,
1482 1475 1524 1539 J
1526 1476 1789 1541 ohannes
1820 1474 2063 1541 Burkus
2108 1474 2247 1540 Liet
2289 1498 2405 1539 mae
2431 1473 2588 1539 Baro
2620 1474 2694 1540 ab
2726 1474 2935 1563 Ulligo
2966 1476 3149 1543 fratre
3175 1500 3287 1544 suo

899 1564 1236 1650 Anglorum
1285 1564 1574 1649 permissu
1625 1564 1819 1627 fuerat
1848 1563 2075 1628 occisus
2104 1561 2455 1649 Raymundo
2484 1562 2606 1628 filio
2635 1562 2945 1650 impubere
2972 1564 3198 1643 relict0‚
3228 1572 3289 1630 et

896 1650 1218 1717 baronatus
1247 1649 1675 1716 administratio
1724 1649 1947 1735 reginae
1992 1649 2328 1735 abjudicata
2355 1672 2425 1713 eo
2454 1649 2713 1729 nomine,
2745 1650 2909 1735 quod
2950 1651 3289 1737 Auglorum

897 1738 1174 1803 instituto
1203 1760 1384 1825 penes
1413 1758 1614 1823 regem
1642 1735 1794 1801 solet
1822 1760 1950 1801 esse
1978 1738 2165 1802 tutela
2186 1735 2478 1802 nobilium
2506 1741 2682 1801 aetate
2710 1738 3033 1802 minorum.
3098 1737 3289 1804 Baro-

899 1832 1078 1891 natus
1106 1832 1304 1890 autem
1335 1822 1903 1889 administrationem
1932 1823 2138 1909 regina
2165 1823 2323 1888 dono
2354 1822 2517 1887 dedit
2572 1822 2861 1889 Phintoni
2888 1824 3091 1912 Anglo
3120 1824 3289 1890 Iber-

701 1910 882 1982 [151.]
901 1913 1020 1977 niae
1047 1910 1279 1978 consilii
1308 1912 1673 1993 secretari0,n
1710 1910 1748 1973 a
1775 1932 1895 1996 quo
1923 1910 2085 1977 illam
2114 1910 2366 1995 pecunia
2415 1908 2559 1974 emit
2588 1908 2807 1995 Uligus
2850 1910 3287 1978 Clanrichardae

901 2021 1098 2065 comes
1128 1996 1465 2085 Raymundi
1479 2004 1748 2083 patruus,
1771 2004 1831 2062 et
1858 1996 1946 2063 ita
1971 1998 2035 2061 in
2064 1997 2491 2083 possessionem
2521 1996 2757 2075 missus,
2788 1996 3162 2083 Raymundo,
3182 1999 3287 2084 qui

889 2086 1016 2171 jam
1085 2107 1148 2150 er
1176 2092 1412 2149 aetatem
1458 2083 1653 2148 tutela
1701 2084 1939 2161 exierat,
1970 2082 2337 2149 Baronatum
2382 2082 2691 2148 restituere
2721 2083 3041 2151 differebat.
3129 2084 3286 2171 Ray-

894 2194 1040 2236 mun
1085 2194 1156 2235 us
1210 2171 1443 2237 intenta
1489 2169 1595 2234 lite
1641 2168 1814 2234 illum
1876 2169 2232 2255 Anglorum‚
2300 2176 2362 2235 et
2409 2169 2630 2255 reginae
2682 2170 2908 2256 judicio
2966 2172 3285 2258 superavit.

893 2256 1209 2337 Caeterum,
1239 2258 1383 2342 quia
1408 2255 1521 2321 sub
1543 2256 1656 2321 hoc
1673 2262 1909 2343 tempus
1927 2256 2149 2321 bellum
2167 2254 2501 2335 exardebat,
2529 2257 2874 2343 priusquam
2898 2256 3286 2345 Raymundus

893 2344 1011 2411 fuit
1103 2345 1430 2409 ossessione
1473 2344 1721 2429 potitus,
1753 2344 2079 2408 omiserunt
2126 2344 2313 2429 Angli
2358 2344 2712 2409 sententiam
2756 2366 2925 2409 suam
2952 2346 3289 2411 executioni

895 2367 1193 2511 mandpare‚
1223 2453 1299 2495 ne
1328 2431 1560 2497 comitis
1608 2430 1720 2495 viri
1809 2430 2029 2495 otentis
2074 2430 2223 2495 iram
2268 2438 2394 2496 tam
2438 2429 2769 2516 periculoso
2810 2438 3076 2517 tempore
3102 2431 3285 2497 laces-

897 2525 1116 2586 serent.
1203 2517 1436 2583 Idcirco
1487 2516 1764 2605 Raymun
1807 2540 1880 2582 us
1930 2516 2176 2582 O'Nelli
2224 2539 2399 2603 opem
2449 2516 2803 2602 implorabat
2852 2518 2929 2583 ad
2976 2524 3284 2605 paternam

895 2605 1299 2672 haereditatem
1345 2603 1827 2690 recuperandam,
1915 2602 2211 2669 O'Nellus
2261 2604 2497 2669 Tironae
2554 2602 2939 2670 defendendae
2994 2606 3285 2685 intentae,

937 2693 1036 2758 uia
1082 2690 1385 2757 differebat
1435 2691 1742 2771 auxilium,
1773 2714 1939 2776 spem
1966 2697 2203 2756 tantum
2244 2690 2533 2777 praebenS,
2578 2690 2967 2778 Raymundus
2995 2692 3119 2757 una
3146 2715 3285 2758 cum

897 2715 1122 2847 {none
1151 2780 1218 2844 in
1243 2778 1573 2865 Lageniam
1621 2779 2031 2864 proficiscitur,
2062 2801 2131 2845 ac
2161 2778 2340 2843 etiam
2386 2778 2729 2863 Dermytius
2765 2777 3167 2845 O’Conchur'*
3194 2780 3286 2844 vir

894 2865 1124 2931 nobiles
1153 2890 1227 2931 ex
1254 2866 1621 2944 Connachta,
1669 2888 1819 2950 quos
1864 2888 2069 2930 omnes
2113 2864 2467 2943 Connachti,
2499 2866 2601 2949 qui
2650 2863 2867 2929 finibus
2916 2866 3075 2951 pulsi
3123 2866 3285 2952 apud
3324 2896 3333 2905 ·

895 2952 1224 3018 O’Nellum
1266 2952 1539 3039 agebant,
1587 2959 1940 3037 sequuntur.
2028 2952 2362 3018 Richardus
2391 2952 2569 3017 etiam
2616 2951 2885 3030 Tit-ellae,
2918 2954 3089 3039 cujus
3117 2975 3283 3018 men-

895 3040 1122 3105 tionem
1149 3041 1416 3118 fecimus,
1447 3038 1520 3103 ab
1553 3038 1775 3105 Huone
1826 3038 2197 3117 conducitur,
2230 3039 2446 3124 quibus
2476 3060 2610 3102 cum
2642 3038 2832 3103 Huon
2857 3037 3081 3105 Lisiam
3118 3040 3284 3105 venit

899 3126 1103 3191 eodem
1135 3126 1250 3204 die,
1282 3148 1400 3211 quo
1429 3126 1768 3191 Bernardus
1799 3148 1938 3191 cum
1986 3124 2259 3190 hostibus
2288 3126 2597 3211 pugnavit,
2628 3124 2733 3189 sed
2760 3148 2870 3191 nec
2897 3147 3163 3213 pugnam
3190 3128 3283 3191 in-

898 3219 1146 3297 tegram,
1177 3234 1288 3277 nec
1313 3212 1674 3277 Urmonium
1703 3213 1739 3275 a
1767 3210 1935 3277 Lisia
1963 3211 2362 3276 discedentem
2390 3212 2589 3298 potuit
2617 3212 2865 3297 assequi.

2228 3476 2484 3485 -—--—..—-

1912 3687 2094 3753 CAP.
2138 3686 2217 3751 V.

899 3923 1191 3987 Catholici,
1232 3922 1478 3995 regiique
1517 3922 1788 3994 publicam
1832 3940 2070 3995 pugnam
2112 3922 2433 3977 acerrimam
2476 3923 2607 3978 totis
2656 3924 2863 3980 viribus
2910 3921 3279 3978 committunt.

1001 3994 1216 4067 Bagnal
1238 3994 1546 4067 perimitur.
1621 3994 1941 4048 Ardmacha
1961 4002 2017 4048 et
2042 3994 2305 4049 Portmor
2330 4012 2364 4047 a
2389 3994 2689 4049 Catholicis
2714 4002 3131 4067 recuperantur.

894 4157 973 4225 IN
1004 4156 1272 4243 Lagenia
1300 4155 1444 4221 dum
1471 4156 1600 4221 haec
1629 4163 1909 4242 aguntur,
1940 4156 2241 4222 Henricus
2279 4156 2513 4243 Bagnal
2541 4156 2777 4243 Anglus
2806 4176 2985 4243 eques
3015 4159 3279 4223 Auratus

893 4245 1152 4310 Iberniae
1182 4248 1642 4322 castrametator,
1675 4252 1736 4307 et
1764 4242 2030 4309 Ultoniae
2075 4245 2389 4329 praefectus
2431 4246 2498 4308 in
2527 4244 2809 4331 oppidum
2842 4244 3045 4311 Iurem
3073 4245 3140 4308 in
3167 4241 3277 4309 Ul-

893 4332 1075 4398 toniae
1123 4329 1344 4395 finibus
1393 4331 1593 4409 situm,
1647 4336 1708 4394 et
1756 4329 1951 4395 valido
2003 4331 2413 4396 haereticorum
2464 4330 2736 4417 praesidio
2810 4332 3109 4397 munitum
3154 4352 3280 4395 non

892 4417 1133 4505 longius
1161 4419 1198 4483 a
1223 4418 1532 4483 Portmore
1561 4418 1930 4481 munimento
1982 4416 2243 4482 millibus
2285 4440 2567 4505 passuum
2594 4418 2968 4504 undeviginti
2996 4418 3279 4504 majorem

891 4508 1125 4591 regium
1173 4505 1495 4570 exercitum
1538 4504 1612 4568 ad
1658 4502 2072 4590 opitulandum
2122 4504 2421 4569 Portmori
2470 4504 2693 4570 ducens
2744 4504 3034 4591 pervenit.
3122 4502 3277 4568 Inde

890 4593 1082 4657 tertiis
1110 4592 1316 4657 castris
1344 4591 1614 4657 substitit
1639 4592 1704 4656 in
1733 4590 1881 4656 urbe
1925 4592 2285 4657 Ardmacha.
2302 4590 2325 4603 ”
2368 4590 2517 4656 Erat
2559 4590 2791 4679 Bagnal
2839 4588 3109 4656 militaris
3136 4590 3279 4656 artis

892 4764 1180 4888 2¹*45Four
1205 4764 1463 4830 Masters,
1486 4784 1540 4837 p.
1569 4768 1727 4833 2056,
1751 4768 1909 4819 2⁰59.
1988 4766 2145 4837 They
2186 4766 2423 4821 mention
2468 4765 2716 4821 Dermod
2760 4766 3016 4823 O’Oonor
3040 4765 3186 4833 Don,
3218 4782 3275 4835 p.
