3634 5842
690 2602 870 2730 [νηὶ]Ι

892 766 1018 829 228
1277 762 1699 829 o'sunmvmr
1741 783 2058 829 msronm.
2104 782 2492 841 cnmomcae,
2526 753 2691 829 “rou.
2737 782 2843 827 111.
2984 762 3142 847 [us.
3188 782 3281 826 vr.

889 959 1080 1022 usque
1108 943 1380 1003 neutram
1408 944 1640 1023 partem
1676 936 1984 1024 juvabant,
2040 960 2103 1002 se
2152 937 2473 1003 Catholicae
2500 936 2795 1023 religioni,
2824 939 3150 1067 {utrimque
3178 935 3279 1001 de-

885 1023 1198 1089 fendcndae
1227 1047 1351 1090 non
1382 1024 1710 1105 defuturos,
1741 1024 1963 1090 auxilio
1994 1046 2173 1109 quam
2202 1023 2505 1091 celerrime
2532 1030 2834 1104 venturos,
2900 1025 3281 1111 pollicentur.

887 1109 1096 1175 Iberni
1123 1110 1341 1176 milites
1371 1112 1697 1196 legionarii,
1744 1118 1806 1176 et
1855 1110 2188 1190 auxiliares,
2238 1132 2495 1197 quorum
2544 1112 2767 1177 virtute
2812 1112 3001 1177 fretus
3042 1111 3282 1197 Anglus

885 1196 1086 1263 locum
1115 1198 1375 1278 tenebat,
1405 1196 1740 1265 O'Donello
1767 1220 1875 1284 per
1900 1199 2309 1263 internuncios
2331 1198 2698 1297 promittunt
2724 1198 2801 1264 ad
2830 1222 2969 1265 eum
3010 1206 3149 1265 ante
3174 1202 3283 1264 tri·

889 1283 1078 1350 duum
1108 1306 1172 1349 se
1199 1287 1570 1366 transituros,
1624 1286 1922 1371 fidemque
1971 1291 2278 1370 coeperunt
2325 1284 2589 1370 implere,
2642 1284 2789 1365 bini,
2834 1286 3008 1365 terni,
3038 1292 3101 1352 et
3142 1284 3283 1352 deni

888 1371 1155 1457 Anglum
1211 1372 1564 1439 deserentes.
1655 1372 1839 1444 Quod
1886 1372 1937 1436 si
1984 1372 2254 1436 omnium
2290 1372 2563 1437 transitio
2608 1380 2991 1457 spectaretur,
3038 1373 3165 1460 jam
3208 1373 3283 1438 de

887 1459 1096 1545 Anglo
1121 1458 1336 1525 fuisset
1365 1465 1604 1525 actum:
1650 1482 1788 1525 nam
1820 1480 1895 1523 ex
1940 1457 2279 1543 quindecim
2324 1457 2587 1524 millibus
2615 1460 2893 1539 militum,
2924 1482 3075 1546 quos
3104 1459 3283 1526 habe-

887 1544 994 1611 bat
1021 1546 1346 1612 obsidionis
1373 1546 1565 1626 initio,
1597 1552 1732 1613 octo
1782 1544 1989 1625 millia,
2038 1546 2213 1625 ferro,
2264 1545 2439 1625 fame,
2490 1546 2726 1631 frigore,
2770 1546 2980 1613 morbo
3022 1546 3283 1613 occubu-

889 1639 1078 1714 erant,
1108 1655 1363 1719 quorum
1393 1657 1529 1719 pars
1579 1635 1766 1720 major
1813 1638 1985 1697 erant
2012 1655 2087 1697 ex
2114 1632 2339 1718 Anglia
2377 1654 2569 1719 nuper
2598 1632 2819 1698 auxilio
2850 1635 3016 1699 missi
3043 1642 3283 1721 tyrones

889 1719 1128 1799 inertes,
1181 1720 1450 1805 periculi,
1491 1726 1554 1786 et
1596 1720 1817 1786 laboris
1868 1720 2264 1805 impatientes.
2354 1718 2489 1785 Beli
2526 1740 2743 1785 uorum
2792 1720 2890 1785 vix
2928 1721 3056 1786 duo
3099 1722 3287 1787 millia

891 1813 1062 1872 erant
1090 1807 1296 1892 Angli,
1349 1808 1548 1874 caeteri
1594 1806 1820 1887 Iberni,
1852 1813 1912 1872 et
1947 1806 2397 1893 Anglo-Iberni.
2552 1806 2727 1871 uibus
2756 1808 3032 1893 periculis
3074 1830 3288 1894 prorex

887 1893 1198 1980 perculsus
1230 1894 1442 1959 statuit
1472 1894 1705 1960 obsidio
1751 1893 2049 1972 excedere,
2096 1893 2458 1959 Corcacham
2486 1914 2551 1957 se
2578 1894 2855 1979 recipere,
2888 1901 2950 1959 et
2978 1894 3289 1962 dumtaxat

889 1982 1110 2046 moenia
1139 1980 1470 2060 defendere,
1502 2004 1622 2067 quo
1672 1980 1853 2046 modo
1882 1982 2010 2046 sine
2060 1981 2361 2059 conflictu,
2394 1988 2455 2045 et
2483 1978 2727 2045 vulnere
2768 1980 3061 2047 Catholici
3106 1983 3291 2048 victo-

889 2068 1041 2132 riam
1069 2074 1316 2152 possent
1342 2065 1630 2132 obtinere.
1719 2068 1835 2133 Oui
1882 2068 1969 2132 rei
2010 2075 2254 2153 peccata
2280 2074 2485 2132 nostra
2512 2065 2893 2132 obstiterunt.
2985 2067 3290 2155 Imprimis

890 2153 1114 2239 Aquila
1142 2154 1338 2219 missis
1366 2154 1573 2219 crebro
1602 2154 1816 2219 litteris
1842 2153 2079 2232 iterum,
2110 2161 2290 2239 atque
2315 2155 2533 2219 iterum
2550 2154 2928 2220 vehementer
2956 2155 3284 2236 contendit,

888 2247 962 2305 ut
991 2239 1067 2304 0³
1071 2238 1136 2304 N
1139 2239 1288 2305 ellus
1319 2262 1381 2303 se
1410 2262 1548 2305 cum
1597 2242 1729 2327 ipso
1780 2241 2127 2325 conjungat.
2218 2240 2532 2319 O'Nellus,
2580 2240 3031 2322 O'Sullevanus,
3075 2250 3139 2308 et
3182 2244 3283 2309 alii

889 2348 968 2391 ne
995 2348 1123 2391 rem
1150 2350 1221 2391 eo
1251 2326 1610 2392 discriminis
1639 2326 1957 2405 deducant,
1990 2328 2275 2407 sentiunt,
2306 2326 2409 2392 sed
2438 2328 2639 2412 potius
2668 2326 3026 2395 Ibernorum
3067 2332 3283 2396 transi·

888 2414 1134 2492 tionem,
1165 2418 1225 2477 et
1254 2413 1443 2478 hostis
1471 2414 1676 2499 fugam
1705 2420 1993 2500 spectent.
2058 2413 2447 2493 O’Donellus‚
2478 2420 2540 2479 et
2568 2414 2671 2479 alii
2690 2414 2889 2501 plures
2918 2418 3281 2483 contrarium

890 2506 1155 2566 censent.
1246 2499 1464 2586 Itaque
1489 2501 1634 2567 vicit
1656 2502 1842 2587 major
1860 2504 2039 2586 pars†
2058 2501 2517 2586 prudentiorem.
2564 2500 2711 2567 Dies
2740 2503 3143 2583 constituitur,
3162 2526 3281 2591 qua

888 2586 965 2652 0’
969 2588 1034 2651 N
1036 2587 1186 2653 ellus
1215 2586 1327 2652 sub
1345 2588 1706 2653 matutinum
1724 2588 2139 2674 crepusculum
2170 2589 2346 2674 juxta
2372 2587 2637 2653 hostium
2664 2595 2857 2654 castra
2876 2590 3181 2671 consistat,
3210 2598 3282 2657 ut

889 2675 1110 2760 Aquila
1137 2675 1358 2740 faciens
1387 2697 1459 2740 ex
1487 2674 1672 2740 altera
1741 2684 1866 2740 arte
1914 2676 2287 2761 eruptionem
2316 2696 2379 2739 se
2406 2696 2545 2740 cum
2572 2675 2677 2739 illo
2706 2676 3091 2763 conjungat„
3142 2678 3281 2749 Qua

889 2762 964 2826 de
991 2784 1056 2827 re
1083 2762 1320 2861 Aquilae
1346 2762 1570 2827 litterae*
1591 2698 1740 2827 0³13
1735 2762 1917 2827 ellum
1959 2763 2112 2827 datae
2140 2784 2177 2827 a
2204 2784 2452 2848 prorege
2478 2762 2957 2849 intercipiuntur.
3049 2764 3279 2831 O'Nel-

886 2848 983 2914 lus
1013 2848 1232 2935 triphci
1262 2850 1386 2915 acie
1413 2850 1706 2915 instructa
1731 2850 1798 2913 in
1828 2872 1964 2915 eum
1997 2848 2193 2915 locum
2244 2851 2333 2915 ire
2382 2848 2711 2915 contendit.
2796 2849 3005 2935 Angli,
3036 2852 3141 2937 qui
3168 2851 3279 2919 Ca-

887 2935 1249 3001 tholicorum
1276 2936 1590 3001 consilium
1641 2936 1887 3002 minime
1934 2936 2312 3023 ignorabant,
2364 2934 2559 3002 adhuc
2608 2942 2796 3002 noctu
2822 2958 2894 3002 eo
2922 2936 2991 3003 in
3015 2937 3171 3020 loco,
3212 2940 3279 3005 in

885 3022 1204 3173 ἓὲιῗῗωῖ
1208 3021 1425 3173 {2¹1}OE
1441 3024 2073 3175 Senfiffmffffissffl’
2097 3030 2561 3175 sgffigassgfmm
2606 3022 2956 3196 {2¹33ss
3002 3027 3277 3199 ῗῖὲῗέξ

1501 3158 1522 3189 2
2562 3160 2582 3190 2

887 3196 1119 3259 ineunt.
1206 3197 1264 3258 A
1353 3196 1366 3208 '
1473 3195 1871 3281 exploratores
1914 3196 2078 3261 missi
2130 3196 2462 3261 simulatam
2517 3197 2774 3283 speciem
2818 3220 3040 3284 pugnae
3096 3200 3279 3265 fuisse

887 3280 1161 3346 retulisse
1188 3287 1280 3345 tra
1323 3288 1525 3346 untur.
1615 3280 1989 3347 O'Donellus
2018 3304 2157 3348 cum
2215 3283 2338 3348 acie
2368 3306 2476 3353 sua
2502 3290 2691 3348 totam
2720 3291 2957 3349 noctem
2986 3286 3279 3373 imperitia

890 3367 1111 3433 ducum
1157 3367 1385 3467 itineris
1431 3390 1632 3433 errans
1661 3368 1892 3468 ‘procul
1941 3368 2165 3469 aberat.
2252 3369 2526 3470 O’Nelli,
2572 3376 2634 3434 et
2692 3370 3071 3437 O'Sullevani
3126 3376 3279 3440 acies

888 3454 1480 3607 &31:²53ssssss
1509 3455 2648 3635 offelifflffi-zue‘nffitsssssseffilfm
2660 3480 2841 3609 153⁰.
2870 3480 3174 3613 ⁶553&
3214 3484 3303 3613 ffi-

887 3629 1258 3695 munimenta
1286 3630 1586 3728 regressis,
1616 3652 1756 3695 cum
1783 3630 1850 3695 in
1880 3630 2079 3715 quiete
2108 3653 2358 3709 summa,
2388 3636 2451 3696 et
2496 3630 2733 3695 silentio
2776 3638 2969 3697 castra
3014 3633 3276 3714 vidisset,

887 3723 1308 3802 stratagemma
1356 3715 1812 3782 intellexerunt:
1862 3727 1924 3783 et
1973 3716 2281 3804 paululum
2334 3716 2446 3783 sub
2498 3718 2677 3783 armis
2715 3726 2958 3785 moratae
2987 3720 3131 3786 caelo
3154 3723 3273 3807 jam

885 3803 1120 3869 albente
1149 3804 1305 3867 ultra
1361 3803 1668 3889 praefixum
1727 3803 1846 3869 sibi
1901 3805 2103 3869 locum
2158 3804 2336 3890 paulo
2395 3812 2672 3889 pergunt,
2702 3813 2765 3869 et
2864 3806 2997 3871 rimi
3040 3808 3275 3873 ordines

888 3889 1272 3955 O’Sullevani
1316 3890 1483 3967 aciei,
1534 3912 1668 3975 qum
1758 3892 1907 3956 rima
1955 3898 2099 3971 erat,
2147 3914 2271 3955 non
2299 3887 2477 3975 longe
2504 3892 2543 3955 ὲ
2572 3889 2725 3955 vallo
2755 3913 2825 3956 su
2870 3893 3107 3973 stitunt‚
3152 3918 3276 3960 non

885 3984 1084 4043 tamen
1113 3976 1188 4042 ab
1219 3978 1391 4041 hoste
1419 3976 1531 4041 visi
1561 3976 1723 4041 hum'
1750 3978 1772 4041 i
1801 3976 2035 4043 tumulo
2065 3986 2450 4065 conspectum
2480 3976 2849 4063 prohibente.
2936 3978 3093 4045 Cum
3122 3981 3273 4047 clare

881 4064 1192 4141 illuxisset,
1222 4062 1521 4129 admirans
1540 4062 1838 4129 O‘Nellus
1855 4064 2135 4149 Aquilam
2156 4088 2267 4130 nec
2295 4086 2619 4150 erumpere,
2648 4086 2759 4130 nec
2788 4088 3007 4152 pugnae
3036 4068 3273 4153 signum

887 4152 1044 4231 dare,
1076 4172 1214 4216 cum
1245 4149 1666 4229 O'Sullevano,
1701 4149 1992 4237 Hispanis
2038 4152 2374 4217 cohortium
2425 4150 2793 4230 ductoribus,
2824 4161 2887 4217 et
2912 4154 3116 4238 paucis
3144 4155 3275 4221 aliis

883 4241 950 4304 in
978 4238 1195 4304 tumuli
1247 4258 1531 4305 cacumen
1578 4237 1865 4304 ascendit.
1953 4237 2136 4305 Unde
2184 4239 2373 4303 hostis
2424 4246 2617 4304 castra
2666 4238 3064 4307 intentissima
3091 4241 3273 4307 medi-

956 4515 981 4541 ·
1021 4510 1299 4569 Accordin
1361 4517 1421 4563 to
1444 4508 1542 4563 the
1565 4508 1722 4564 Four
1747 4510 2004 4577 Masters,
2026 4514 2099 4567 all
2127 4514 2218 4568 the
2248 4514 2389 4569 Irish
2414 4514 2481 4567 of
2510 4514 2783 4578 Munster‚
2814 4523 3010 4587 except
3034 4516 3273 4579 Donnell

889 4585 1016 4639 Mac
1043 4583 1252 4653 Carthy
1345 4580 1484 4653 eagh
1527 4580 1635 4635 and
1675 4581 1911 4638 Oormac
1946 4584 2075 4638 Mac
2102 4584 2329 4655 Carthy,
2356 4602 2506 4639 came
2531 4592 2589 4639 to
2618 4584 2969 4641 O’Donnell's
3000 4606 3175 4663 camp,
3200 4612 3271 4648 on

885 4656 979 4707 the
1003 4652 1233 4737 Roudon
1276 4654 1445 4715 river,
1470 4652 1578 4706 and
1620 4654 1897 4723 promised
1935 4655 2049 4711 him
2092 4656 2402 4719 assistance,
2438 4673 2491 4728 p.
2520 4655 2969 4715 2279.-Pacata
2992 4658 3272 4729 Hibernia,

883 4724 996 4854 wli:
1019 4726 1461 4855 ¹1¹33oliir⁴hoiosssters,
1485 4810 1541 4867 p.
1571 4796 1729 4847 2288.
