3634 5842
979 718 1012 781 7
1021 718 1058 777 6
1182 745 1188 750 -
1403 714 1816 779 o’sunnnvam
1862 730 2175 777 ms'romae
2220 730 2607 790 cxi-nomem,
2650 730 2799 774 rou.
2831 731 2903 807 .¹¹·
3082 712 3247 799 [ms.
3292 733 3360 775 11.

985 908 1120 971 quae
1171 891 1263 950 est
1315 886 1478 972 apud
1523 885 1712 951 bonos
1762 906 1959 969 parvae
2008 883 2404 963 authoritatis,
2456 884 2669 949 litteris
2726 884 3055 963 mandavit,
3108 884 3357 950 Iberniae

984 972 1433 1037 Parlamentum
1461 994 1618 1037 anno
1651 973 1816 1035 1541
1869 971 2255 1049 consensisse,
2287 979 2355 1035 nt
2402 970 2705 1036 Henricus
2734 970 2991 1037 Iberniae
3022 994 3133 1035 rex
3166 970 3353 1059 appel-

976 1058 1217 1123 laretur.
1317 1057 1488 1123 Unde
1517 1081 1580 1123 se
1623 1064 1800 1122 uente
1830 1080 1989 1123 anno
2040 1056 2121 1123 X.
2152 1056 2457 1123 Kalendas
2484 1056 2836 1123 Februarias
2864 1058 3067 1123 edicto
3099 1057 3353 1145 promul-

979 1152 1120 1231 gato
1151 1144 1449 1210 Henricus
1479 1168 1542 1209 se
1569 1081 1826 1209 {herniae
1856 1144 2081 1231 Regem
2108 1145 2441 1211 renunciari
2467 1145 2795 1230 imperavit,
2826 1167 2945 1209 non
2990 1144 3351 1211 animadver-

815 1232 1344 1384 [⁶⁹·³“I‘1¹²a⁵’fss¹²³“·¹
1371 1230 1687 1383 ³³³2&ssss
1715 1230 2285 1384 ssffftfiffifflftisstff‘*
2302 1230 2889 1383 5333⁵1325¹ffidt³t⁸
2916 1232 3155 1384 '12331-‘1'9
3154 1232 3355 1382 ¹5⁰3.ss

977 1340 1066 1469 illi
1112 1341 1592 1493 duonssspiglrgrae
1617 1403 1826 1470 Iberni
1869 1428 1996 1470 non
2045 1369 2349 1492 potuerint
2398 1406 2628 1471 etiamsi
2674 1367 2910 1484 velient,
2940 1342 3259 1493 reguilssffs
3296 1406 3349 1467 in

977 1491 1158 1557 alium
1187 1494 1523 1572 transferre,
1553 1493 1692 1558 cnm
1737 1490 1855 1577 ipsi
1904 1514 2030 1557 non
2077 1491 2214 1578 plus
2257 1492 2429 1577 juris,
2462 1493 2641 1577 quam
2670 1490 2771 1557 alii
2796 1491 2975 1558 multi
3003 1492 3348 1559 habuerint:

974 1601 1084 1644 nec
1127 1580 1304 1645 etiam
1355 1585 1660 1666 magnates
1710 1586 1955 1666 possent
2014 1576 2273 1644 Ibernioe
2330 1578 2557 1665 Regem
2616 1586 2927 1645 externum
2985 1602 3191 1645 creare
3238 1580 3347 1642 sine

971 1666 1179 1753 populi
1229 1690 1542 1746 consensu,
1574 1672 1634 1732 et
1685 1666 1935 1731 forsitan
1982 1666 2199 1730 summi
2246 1665 2555 1731 Pontificis
2602 1666 2980 1731 authoritate.
3036 1667 3139 1732 De
3166 1665 3345 1731 Parla-

971 1760 1173 1819 mento
1201 1754 1353 1819 nihil
1403 1760 1494 1819 est
1541 1752 1686 1839 quid
1738 1752 1971 1818 dicam:
2016 1774 2156 1819 nam
2204 1759 2455 1831 constat,
2486 1756 2689 1818 omnia
2716 1752 3099 1819 Parlamenta
3128 1754 3343 1835 Regum

971 1841 1207 1925 Angliae
1235 1841 1482 1927 imperio
1509 1841 1576 1905 in
1597 1839 1839 1905 Ibernia
1866 1844 2188 1905 convocata
2216 1862 2342 1905 esse
2371 1840 2614 1905 omnino
2642 1841 2894 1919 infirma,
2918 1841 3063 1905 cnm
3094 1840 3212 1905 illis
3239 1860 3344 1903 non

972 1928 1252 1991 intersint
1279 1936 1507 1993 veteres
1536 1926 1742 1991 Iberni
1770 1926 2153 2013 optimates*
2394 1988 2411 2007 ,

1054 2012 1483 2092 Nihilominus,
1543 2035 1712 2098 quasi
1761 2013 1887 2098 jam
1916 2036 2039 2078 non
2067 2012 2343 2079 saeculare
2370 2013 2702 2101 imperium,
2734 2013 2837 2079 sed
2880 2016 3063 2079 etiam
3108 2012 3341 2079 Ecclesi-

969 2100 1240 2179 asticum,
1294 2106 1356 2165 et
1397 2122 1629 2165 sacrum
1673 2100 1775 2184 jus
1824 2098 2287 2185 adquissivisset,
2333 2107 2393 2164 et
2449 2102 2513 2165 in
2560 2100 2797 2165 Ibernia
2844 2101 3135 2167 Ecclesiae
3162 2106 3336 2185 caput,

968 2190 1146 2270 atque
1193 2186 1480 2272 Princeps
1528 2186 1699 2264 foret,
1730 2206 1836 2271 per
1864 2186 2165 2251 Iberniam
2195 2208 2432 2273 quoque
2459 2194 2647 2252 totam
2675 2210 2798 2252 non
2827 2189 3020 2269 aliter,
3046 2190 3227 2275 qnam
3252 2206 3338 2272 per

973 2272 1072 2337 An
1115 2271 1276 2351 liam,
1327 2272 1517 2338 voluit
1573 2272 2015 2337 Ecclesiasticas
2069 2274 2475 2339 immunitates
2524 2275 2828 2360 frangere:
2896 2276 3233 2341 sacerdotes
3278 2272 3338 2335 de

965 2380 1062 2423 me
1104 2360 1162 2423 io
1191 2358 1398 2424 tollere
1427 2384 1442 2424 ε
1489 2359 1865 2445 Religionem
1894 2358 2289 2425 Christianam
2320 2384 2561 2447 prorsus
2588 2362 2934 2449 extinguere
2966 2390 2981 2427 :
3032 2386 3196 2428 sacra
3221 2381 3335 2447 pro·

965 2444 1219 2531 fanaque
1240 2446 1503 2513 miscere.
1558 2447 1616 2511 A
1639 2448 1756 2532 qua
1788 2452 1987 2511 mente
2016 2468 2141 2511 non
2170 2445 2477 2513 abhorruit
2496 2448 2653 2513 filius
2684 2449 2811 2535 ejus
2832 2448 3206 2516 adulterinus
3222 2445 3337 2511 'Ed-

968 2532 1202 2613 vardus,
1232 2533 1404 2619 cujus
1433 2540 1722 2613 tutorum,
1783 2538 1844 2597 et
1890 2535 1989 2598 An
2031 2532 2131 2598 lici
2176 2533 2407 2600 consilii
2452 2535 2729 2599 insanum
2779 2536 3100 2601 consilium
3144 2542 3334 2601 cuncta

968 2625 1188 2701 sancta,
1249 2628 1312 2686 et
1367 2642 1530 2685 sacra
1587 2618 1904 2686 evertebat.
1990 2556 2112 2686 {las
2139 2627 2340 2687 tamen
2368 2622 2757 2707 cogitationes
2798 2626 3082 2710 repressit
3112 2616 3334 2687 Henrici

961 2705 1227 2793 legitima
1282 2706 1404 2773 filia
1446 2707 1640 2773 Maria
1695 2707 2197 2773 christianissima
2244 2708 2493 2795 Regina,
2554 2730 2689 2794 quie
2716 2718 2855 2795 post
2894 2712 3099 2775 fratris
3127 2708 3329 2774 obitum

959 2792 1240 2882 Philippo
1298 2794 1412 2875 IL,
1465 2794 1893 2882 Hispaniarum
1940 2794 2207 2882 Principi
2254 2796 2629 2861 matrimonio
2680 2796 2963 2863 collocata
3016 2798 3184 2863 brevi
3221 2813 3331 2875 reg-

960 2882 1145 2962 navit,
1199 2882 1324 2946 vita
1355 2881 1636 2948 defuncta
1664 2905 1823 2948 anno
1856 2884 2043 2962 1558,
2077 2881 2305 2948 decimo
2336 2882 2587 2969 septimo
2632 2882 2728 2947 die
2755 2882 3121 2950 Novembris
3170 2898 3330 2947 annos

962 2974 1104 3033 nata
1205 2968 1556 3055 uadi-aginta
1631 2980 1770 3035 tres.
1859 2968 2010 3035 Post
2058 2969 2152 3055 cuj
2160 2992 2231 3033 us
2280 2970 2589 3034 interitum
2646 2968 2993 3037 Elizabetha
3041 2992 3206 3037 soror
3269 2986 3329 3029 ex

957 3054 1140 3117 Anna
1217 3054 1389 3119 olen&
1415 3062 1555 3120 nata
1583 3077 1741 3119 anno
1771 3062 2053 3140 sequente
2082 3057 2425 3121 renunciata
2456 3058 2657 3141 regina
2687 3055 2914 3121 decimo
2967 3066 3139 3123 sexto
3166 3056 3207 3120 J
3206 3074 3329 3119 anu-

965 3139 1074 3204 arii
1101 3148 1418 3225 paternum
1445 3141 1788 3207 incendium
1834 3164 1870 3206 a
1892 3140 2087 3205 Maria
2108 3140 2341 3229 Regina
2363 3143 2693 3208 extinctum
2720 3150 2783 3209 et
2810 3144 3115 3231 sepultum
3139 3141 3329 3209 excitat

964 3232 1024 3290 et
1052 3232 1256 3311 auget.
1356 3226 1560 3313 Hujus
1589 3226 2017 3292 ardentissimae
2054 3228 2267 3293 faculae
2303 3229 2477 3314 jussu
2516 3238 2653 3315 post
2674 3232 2996 3296 extinctam
3045 3252 3239 3298 rursus
3276 3226 3328 3288 in

967 3312 1208 3397 Anglis
1252 3312 1582 3379 Ecclesiam
1632 3312 2000 3379 Catholicam
2048 3315 2115 3379 in
2158 3313 2404 3379 Ibernia
2432 3336 2673 3403 quoque
2729 3319 3071 3405 Anglorum
3119 3312 3326 3383 haeresis

964 3406 1282 3485 grassatur.
1373 3399 1451 3464 In
1508 3399 1872 3467 Elizabethae
1902 3398 1979 3466 ad
2007 3422 2211 3467 orcum
2238 3408 2423 3489 raptae
2474 3404 2673 3469 locum
2702 3405 2925 3469 accitus
2952 3406 3020 3471 in
3071 3402 3325 3487 Angliam

965 3486 1006 3550 J
1007 3485 1228 3553 acobus
1261 3486 1664 3553 Steeuvardus
1695 3488 1909 3553 Scotiae
1954 3510 2060 3552 rex
2117 3511 2273 3554 anno
2335 3492 2493 3555 1603
2583 3492 2915 3557 haereticam
2981 3487 3324 3581 tyrannidem

962 3574 1131 3640 novis
1160 3574 1488 3640 atrocitatis
1545 3574 1830 3661 exemplis
1881 3576 2049 3641 auxit
2096 3582 2159 3641 et
2186 3576 2582 3663 amplificavit.
2674 3578 2947 3651 Quorum
2978 3574 3325 3646 truculentiae

958 3661 1086 3727 haec
1114 3684 1345 3728 summa
1364 3662 1636 3748 quaedam
1658 3670 1766 3728 est.
3048 3660 3055 3669 ’

1986 3952 2163 4019 ΟΑΡ.
2212 3953 2329 4018 IV.

1525 4102 1810 4158 Generalis
1834 4106 2131 4176 tyrannica
2152 4106 2546 4179 persecutionis
2568 4107 2782 4161 relatio.

961 4232 1041 4296 In
1063 4229 1306 4296 Ibernia
1332 4231 1623 4316 principio
1654 4229 1728 4295 ab
1751 4232 1968 4317 Anglis
1998 4232 2127 4297 haec
2154 4233 2373 4298 scelera
2400 4236 2877 4305 committuntur.
2963 4237 3225 4303 Christus
3244 4247 3319 4291 re-

963 4317 1235 4417 demptor
1253 4319 1320 4383 in
1349 4319 1527 4383 Sacro
1550 4326 1756 4383 sancto
1797 4317 2189 4385 Eucharistiae
2207 4330 2573 4387 sacramento
2602 4322 2835 4389 realiter
2864 4346 3119 4409 praesens
3146 4341 3215 4385 ex
3240 4334 3319 4378 ec·

961 4404 1174 4483 clesiis,
1207 4412 1272 4469 et
1285 4404 1454 4490 vulgi
1475 4410 1798 4490 conspectu
1822 4405 2155 4490 depellitur.
2244 4406 2394 4471 Mox
2416 4431 2595 4475 sacrae
2614 4409 2901 4496 imagines
2930 4410 3319 4495 dilacerantufo

965 4488 1043 4553 In
1101 4492 1432 4558 sacerdotes
1489 4490 1819 4578 tyrannidis
1877 4492 2146 4579 exempla
2183 4493 2462 4559 eduntur.
2552 4495 2631 4560 In
2658 4519 2831 4563 omne
2872 4521 3061 4585 genus
3082 4485 3318 4561 Catholi-

963 4598 1167 4640 corum
1196 4579 1454 4645 saevitur.
1538 4578 1687 4644 Tem
1732 4579 1791 4644 la
1810 4602 2096 4667 equorum
2129 4580 2380 4659 stabula,
2410 4582 2506 4646 vel
2524 4584 2766 4667 profana
2785 4584 3002 4671 palatia
3028 4582 3317 4651 habentur·

965 4661 1380 4730 Ecclesiastica
1450 4666 1648 4751 vectig
1709 4667 1763 4731 'a
1850 4666 2311 4733 sceleratissimis
2375 4668 2655 4735 haeriticis
2714 4670 3124 4757 adjudicantur
3150 4694 3168 4745 ;
3236 4680 3316 4723 1·θὸ

964 4768 1168 4811 omnes
1226 4750 1414 4816 cultui
1475 4752 1674 4816 divino
1701 4760 2063 4838 nuncupatae
2094 4760 2406 4818 vertuntur
2432 4755 2497 4819 in
2534 4756 2808 4839 profanos
2840 4780 2981 4823 usus
3014 4788 3027 4824 ς
3074 4746 3314 4821 sacerdo·

1563 4882 1586 4906 ⁸
1630 4880 1873 4935 Contra:
1914 4884 2013 4938 See
2040 4880 2255 4947 Moere,
2284 4882 2387 4939 vol.
2414 4884 2491 4940 iii.
2515 4904 2567 4956 p.
2592 4890 2714 4940 316.
