3634 5842
913 739 1038 806 330
1319 739 1736 805 o’su-Lnnvsm
1781 755 2095 802 marona
2139 755 2525 816 carrionem,
2568 755 2719 802 rou.
2765 756 2854 801 ιν.
3022 735 3182 821 [us.
3226 757 3305 802 11.

907 914 1097 977 vitam,
1135 913 1439 968 animarum
1480 923 1702 964 suarum
1744 909 1907 964 saluti
1946 909 2308 977 consulentes,
2348 925 2417 964 an
2452 923 2518 963 ec
2554 907 2791 963 forsitan
2828 908 2967 964 lm
3000 907 3303 980 majestatis

911 986 1117 1039 crimen
1139 983 1478 1038 admiserunt
1495 988 1519 1035 ἰ’
1593 981 1720 1044 Quo
1761 988 1949 1036 autem
1982 981 2090 1034 alio
2132 997 2201 1034 ex
2242 981 2421 1052 capite
2460 979 2553 1036 isti
2581 979 2854 1034 Catholici
2888 980 3015 1034 colii
3132 989 3180 1044 t,
3203 980 3303 1035 hos

913 1057 1078 1119 viros,
1103 1073 1242 1126 quos
1265 1054 1382 1126 regi
1408 1052 1728 1108 conciliatos
1753 1052 2028 1115 viderunt,
2044 1059 2233 1124 postea
2254 1051 2509 1106 incidisse
2532 1051 2589 1104 in
2610 1059 2895 1122 peccatum
2918 1051 3031 1123 pub
3054 1053 3302 1106 icationis

913 1143 1012 1198 sup
1052 1127 1178 1180 licio
1217 1125 1442 1198 dignum
1455 1131 1479 1177 ?
1515 1141 1586 1178 an
1627 1123 1860 1178 forsitan
1900 1123 2185 1195 fragrante
2228 1122 2430 1177 delicto
2475 1122 2795 1194 deprehensi
2830 1131 2959 1176 sunt
2976 1130 3001 1176 ’.θ
3072 1125 3165 1177 An
3191 1124 3303 1177 suis

912 1213 1014 1252 con
1040 1196 1336 1252 essionibus
1371 1195 1746 1266 judicialibus,
1781 1193 2301 1266 probationibusque
2342 1193 2645 1248 manifestis
2668 1202 2726 1248 et
2748 1193 3073 1249 indubitatis
3094 1195 3223 1258 rite,
3246 1203 3303 1248 et

909 1268 1223 1323 solemniter
1258 1267 1423 1322 factis
1445 1273 1575 1320 sunt
1597 1267 1875 1320 convicti?
1948 1265 2093 1320 Sane
2133 1265 2249 1319 hoec
2288 1265 2619 1336 proscriptio
2728 1283 2827 1320 ave
2866 1273 3153 1336 peccatum
3196 1273 3298 1328 est,

910 1340 1212 1412 proesertim
1237 1357 1362 1394 cum
1385 1355 1452 1394 ea
1473 1337 1581 1401 lex,
1607 1355 1716 1408 qua
1749 1338 2027 1408 proximos
2068 1337 2227 1392 bonis
2266 1351 2468 1390 exuere
2504 1283 2880 1408 prohifemm,
2902 1353 3013 1391 non
3036 1336 3111 1390 sit
3132 1337 3303 1390 solius

909 1411 1128 1484 positivi
1149 1411 1310 1480 juris,
1335 1409 1483 1480 quod
1515 1409 1785 1480 princepe,
1809 1409 1904 1480 qui
1926 1408 2043 1479 ipso
2081 1407 2293 1462 solutus
2328 1415 2433 1470 est,
2454 1414 2646 1479 postea.
2665 1407 2937 1492 abrogare
2960 1407 3046 1462 vel
3069 1407 3303 1462 subditis

911 1483 1090 1536 minus
1115 1481 1347 1536 forsitan
1369 1494 1574 1544 severe,
1617 1480 1962 1552 studioseque
2005 1493 2223 1533 servare
2263 1477 2474 1532 liceret.
2547 1478 2743 1562 Neque
2764 1479 2857 1532 hic
2883 1478 2993 1533 dici
3016 1487 3201 1550 potest
3222 1481 3302 1534 ina

909 1553 1204 1607 feriol-ibus
1227 1569 1338 1607 non
1361 1551 1676 1606 incumbere
1715 1567 1855 1606 onus
1878 1549 2241 1614 examinandi,
2258 1549 2412 1619 justa
2434 1567 2503 1604 ne
2526 1549 2637 1603 sint
2650 1567 2825 1620 jussa,
2850 1549 2980 1620 quia
3000 1550 3115 1605 haec
3136 1567 3300 1604 excu-

910 1625 1050 1678 satio
1073 1633 1206 1678 tunc
1229 1623 1460 1678 forsitan
1500 1622 1685 1677 locum
1715 1622 1901 1686 habet,
1974 1623 2157 1674 nando
2198 1622 2448 1692 superior
2488 1637 2599 1674 non
2636 1629 2719 1675 est
2759 1637 2795 1674 a
2860 1628 2948 1675 rte
2970 1621 3191 1693 iniquus
3215 1623 3303 1676 ve}

910 1696 1028 1765 ejus
1043 1696 1201 1765 jussa
1223 1695 1504 1749 evidenter
1527 1695 1748 1764 injusta.
1826 1689 1941 1747 Sed
1994 1693 2198 1746 bernioe
2220 1693 2391 1746 totius
2414 1692 2755 1746 communior
2780 1639 3303 1764 &tholicorumque

911 1767 1210 1838 questubus
1231 1766 1352 1838 regi
1375 1763 1558 1819 effusis
1581 1765 1837 1836 proditur
1860 1765 2017 1819 istius
2050 1764 2209 1848 regni
2244 1763 2551 1834 superiores
2574 1781 2609 1816 a
2670 1780 2739 1817 ue
2761 1763 3048 1834 prefectos
3072 1765 3165 1835 qui
3188 1781 3297 1818 non

912 1839 1074 1892 aliam
1083 1838 1154 1891 ob
1169 1851 1388 1892 causam
1403 1837 1542 1892 hanc
1555 1835 1994 1891 confiscationem
2008 1834 2366 1906 cupiunt,nisi
2382 1843 2447 1887 ut
2460 1834 2605 1888 bona
2664 1834 2915 1889 atholicis
2928 1835 3185 1906 adempta
3198 1835 3301 1906 ipsi

913 1928 948 1963 a
981 1925 1114 1980 rege
1146 1908 1221 1962 im
1259 1915 1460 1971 etrent,
1494 1907 1564 1961 ab
1591 1907 1884 1979 aequitatis,
1920 1914 2085 1990 atque
2100 1905 2331 1976 justitio
2362 1906 2586 1959 tramite
2608 1905 2769 1978 longe
2791 1913 3067 1960 terrarum
3091 1906 3297 1960 abesse.

915 1980 1130 2044 Quibus
1154 1979 1170 2034 i
1233 1989 1327 2033 tur
1349 1979 1654 2034 rationibus
1677 1979 1770 2032 isti
1797 1977 2072 2032 Catholici
2095 1977 2466 2040 adducuntur,
2490 1985 2555 2030 ut
2592 1975 2694 2031 hos
2726 1977 2870 2031 viros
2896 1977 3258 2032 condemnent
3272 1985 3299 2031 ἲ

910 2069 1043 2105 num
1085 2067 1367 2123 persuasu,
1407 2050 1829 2122 testimonioun
1870 2049 2304 2102 obtrectatorum
2322 2054 2346 2102 ?
2434 2048 2489 2102 Ο
2534 2047 2852 2120 preclaram
2898 2048 3297 2119 probationem,

909 2122 1282 2176 testimonium
1320 2121 1580 2183 haeretici,
1615 2119 1794 2174 aemuli
1838 2127 1895 2173 et
1932 2119 2156 2181 inimici,
2198 2119 2283 2173 vel
2322 2118 2554 2190 pecunia
2587 2119 2855 2204 corrupti,
2879 2119 3019 2182 vive,
3056 2127 3113 2173 et
3148 2128 3305 2174 metu

911 2194 1088 2247 coacti
1147 2200 1342 2246 conti-a
1397 2206 1523 2245 reos
1581 2191 1750 2244 etiam
1819 2191 2086 2252 absentes,
2144 2205 2246 2244 nec
2303 2190 2538 2256 auditos,
2594 2207 2698 2244 nec
2755 2207 2815 2243 m
2875 2190 2971 2260 jus
3031 2200 3256 2245 vocatos
3280 2196 3295 2244 Ξ

911 2261 1005 2317 De
1025 2264 1172 2316 illius
1197 2262 1484 2332 iniquitate
1505 2277 1668 2315 nemo
1691 2261 1954 2333 ambigit:
1994 2261 2099 2314 hoc
2146 2259 2249 2332 ipsi
2276 2261 2548 2332 quondam
2574 2261 2773 2316 deluso
2794 2261 3100 2334 gentilitati
3124 2263 3295 2316 visum

910 2334 1216 2389 execrabile
1260 2333 1428 2386 fuisse
1473 2339 1710 2386 testatur
1759 2346 1958 2403 praeses
1974 2333 1983 2344 '
1999 2332 2219 2394 Festus,
2243 2332 2373 2402 quia
2408 2332 2676 2403 inquiens,
2712 2341 2751 2368 ‘⁶
2764 2349 2875 2386 non
2909 2340 2995 2386 est
3029 2333 3297 2387 Romanis

911 2405 1252 2460 consuetudo
1277 2405 1538 2461 damnare
1569 2403 1806 2474 aliquem
1820 2403 2093 2458 hominem
2118 2401 2432 2474 priusquam
2456 2404 2525 2466 is,
2586 2403 2645 2457 ui
2666 2411 2978 2467 accusatur,
3002 2413 3295 2475 presentes

909 2476 1111 2532 habeat
1132 2483 1498 2538 accusatores,
1521 2474 1812 2560 locumque
1838 2474 2161 2528 defendendi
2180 2473 2417 2546 accipiat
2440 2475 2512 2528 ad
2596 2475 2796 2529 luenda
2808 2474 3094 2528 crimina.”
3116 2475 3297 2538 Absit,

911 2557 978 2602 ut
1016 2555 1134 2602 tam
1173 2554 1485 2602 constantes
1529 2545 1802 2600 Catholici
1846 2552 2062 2600 tantum
2098 2546 2275 2600 scelus
2312 2545 2642 2612 admittant3
2686 2553 2753 2600 ut
2786 2545 2898 2600 sint
2938 2553 3055 2600 tam
3076 2547 3295 2600 in'ustoe

911 2619 1310 2674 confiscationis
1333 2626 1651 2681 assertores,
1675 2625 1839 2688 atque
1879 2617 2113 2687 judices.
2186 2617 2297 2680 Qui
2322 2617 2367 2670 si
2390 2617 2705 2687 gloriantur
2734 2619 2821 2686 (ut
2846 2617 3045 2671 merito
3069 2617 3139 2672 de
3176 2621 3295 2686 ent)

911 2707 972 2745 se
993 2708 1110 2746 esse
1149 2691 1339 2745 firmos
1377 2687 1538 2744 Fidei
1578 2689 1911 2750 defensores,
1934 2694 2195 2759 reputent
2236 2688 2387 2742 illam
2424 2703 2541 2742 esse
2581 2689 2852 2743 bonorum
2879 2689 3291 2744 catholicorum

911 2762 1075 2817 fldem
1101 2779 1222 2834 qnoe
1237 2779 1336 2833 per
1358 2760 1706 2815 dilectionem
1820 2767 2029 2826 aratur,
2072 2759 2117 2813 si
2156 2758 2319 2814 Pauli
2359 2759 2669 2814 authoritas
2691 2757 2803 2814 fide
2836 2759 3007 2832 digna
3028 2768 3115 2814 est
3130 2783 3145 2814 :
3184 2777 3291 2814 non

911 2834 1064 2888 illam
1087 2851 1208 2905 quae
1228 2850 1320 2886 res
1343 2833 1548 2887 alienas
1573 2831 1746 2885 invito
1803 2831 1984 2886 omino
1999 2831 2308 2893 detrahere,
2326 2838 2492 2901 atque
2512 2843 2709 2902 rapere
2730 2847 2843 2885 non
2866 2831 3125 2902 prohibet
3140 2849 3159 2886 ι
3179 2831 3295 2886 luno

911 2905 1057 2960 enim
1081 2923 1116 2960 a
1139 2903 1408 2959 charitate
1429 2901 1744 2974 longissime
1767 2902 1963 2956 absens
2004 2902 2061 2956 in
2101 2901 2232 2974 ipsis
2263 2901 2429 2956 etiam
2464 2901 2739 2957 haereticis
2762 2901 3060 2957 invenitur.
3098 2902 3295 2974 Neque

909 2993 1044 3030 vero
1139 2993 1288 3030 saum
1321 2991 1424 3047 ego
1463 2989 1680 3045 capere,
1721 2973 1996 3045 quomodo
2038 2978 2129 3028 tot
2167 2972 2357 3097 pqfffi
2382 2973 2684 3028 Catholicis
2704 2972 3011 3044 abjudicati
3034 2974 3093 3027 in
3124 2989 3293 3046 grave

910 3047 1038 3101 fidei
1101 3047 1452 3101 etrimentum
1487 3063 1596 3100 non
1619 3044 1948 3112 redundent,
1972 3061 2097 3098 cum
2135 3045 2193 3098 in
2233 3061 2253 3098 ι
2295 3061 2359 3098 us
2402 3044 2670 3109 omnibus,
2694 3045 2924 3116 quinon
2958 3052 3090 3098 sunt
3120 3061 3291 3117 parva

915 3118 1086 3188 (sicut
1098 3118 1304 3186 fertur)
1319 3117 1477 3188 regni
1499 3131 1646 3187 pars,
1661 3115 1796 3169 fides
1820 3117 1878 3169 in
1900 3115 2111 3186 aliquot
2132 3114 2365 3169 forsitan
2386 3115 2769 3187 generationes
2790 3115 3163 3187 extinguenda
3182 3115 3285 3170 sit:

912 3205 948 3244 a
979 3206 1088 3259 quo
1110 3205 1220 3242 non
1243 3189 1398 3242 abest
1421 3187 1750 3258 longissime,
1772 3194 1839 3240 ut
1878 3186 1935 3240 in
1959 3193 2081 3240 toto
2104 3185 2271 3241 etiam
2293 3199 2465 3258 regno
2488 3181 2755 3241 deleatur.
2830 3185 2987 3241 Deus
3008 3187 3141 3242 mihi
3166 3203 3293 3240 con-

913 3259 1058 3314 scius
1081 3267 1182 3322 est,
1207 3277 1292 3312 me
1317 3265 1382 3312 ut
1420 3259 1534 3312 haec
1559 3257 1734 3312 dicem
1757 3275 1867 3311 non
1893 3257 2020 3311 duci
2064 3263 2181 3311 tam
2212 3258 2723 3329 gratia-extorrium
2749 3260 2901 3326 (nam
2926 3258 2983 3311 hi
3024 3266 3154 3312 ante
3186 3259 3293 3312 hoc

1014 3331 1314 3384 lamentum
1353 3337 1484 3384 sunt
1517 3327 1736 3382 sedibus
1813 3327 1938 3391 ulsi,
1975 3329 2128 3398 sique
2166 3345 2261 3382 eos
2300 3327 2592 3383 restituere
2616 3325 2770 3384 Deus
2804 3328 2978 3383 fuerit
3014 3329 3069 3384 di
3146 3337 3291 3396 atus,

912 3401 1086 3472 miqui
1099 3399 1424 3473 parlamenti
1448 3401 1672 3455 decreta
1684 3399 1740 3452 ni
1801 3399 2179 3469 lobstabunt,)
2197 3415 2359 3470 quam
2374 3399 2722 3455 miseratione
2734 3399 2968 3454 istorum
2984 3399 3031 3455 C
3128 3401 3295 3454 olico-

913 3489 1040 3528 rum
1055 3473 1148 3544 qui
1165 3473 1222 3526 in
1237 3472 1346 3526 ista
1357 3471 1599 3542 procella
1609 3471 1668 3524 in
1683 3478 1798 3524 tres
1813 3471 1929 3524 dies
1940 3487 2053 3524 non
2070 3470 2359 3534 duratura,
2370 3469 2467 3538 (de
2484 3470 2643 3541 cuj-us
2659 3471 2981 3532 excitatore,
2995 3479 3053 3526 et
3060 3471 3294 3527 authore

915 3544 972 3598 in
985 3544 1091 3598 isto
1107 3561 1282 3616 regno
1296 3561 1418 3598 cras
1439 3541 1546 3597 dici
1568 3541 1792 3613 poterit,
1816 3551 2071 3613 “,quaeres
2083 3540 2267 3595 locum
2283 3540 2419 3611 ejus,
2438 3549 2495 3596 et
2508 3559 2620 3597 non
2636 3543 2955 3614 invenies,”)
2970 3551 3035 3596 ut
3050 3559 3159 3598 uno
3174 3559 3295 3597 mo·

710 3625 891 3696 [257,]
915 3623 1100 3670 mento
1142 3615 1460 3669 brevissimo
1499 3613 1913 3684 tranquillitatis
1934 3613 2212 3675 fruantur,
2245 3621 2504 3667 oeternam
2528 3629 2683 3668 suam
2724 3614 3203 3684 tranquillitatem!
3238 3622 3299 3668 et

914 3687 1154 3758 quietem
1174 3689 1232 3740 in
1256 3685 1514 3740 saeeulum
1537 3684 1720 3738 saculi
1741 3685 1798 3738 in
1825 3681 2116 3738 discrimen
2132 3683 2433 3750 adducunt,
2450 3685 2706 3740 ultimum
2722 3685 2892 3748 istud,
2908 3692 3071 3757 atque
3095 3685 3299 3740 lethale

913 3759 1112 3812 vulnus
1133 3758 1346 3811 miseris
1383 3756 1494 3811 suis
1533 3755 1802 3810 fratribus
1840 3755 2144 3817 inferendo,
2180 3753 2343 3810 nulle
2374 3754 2607 3825 justitiae
2646 3755 2845 3827 specie,
2868 3757 2965 3810 sed
3012 3756 3209 3819 solum,
3232 3765 3298 3810 ut

913 3829 1148 3883 istorum
1171 3828 1555 3882 haereticorum
1576 3827 1848 3881 voluntati
1882 3842 2091 3881 morem
2131 3834 2347 3898 gerant,
2372 3826 2466 3898 qui
2501 3827 2710 3882 nullam
2732 3827 2995 3882 habentes
3026 3829 3297 3883 rationem

914 3900 1275 3986 conscientie,
1297 3906 1356 3952 et
1377 3898 1798 3983 existimationis·
1812 3897 1959 3969 regis
1980 3897 2279 3982 venturi-in
2304 3897 2465 3982 vulgi·
2476 3913 2799 3962 sermonem,
2824 3898 2976 3984 quod
3008 3898 3139 3953 huic
3173 3917 3299 3970 pro-

914 3979 1200 4097 {35:31ss
1239 3967 3298 4104 &3332²⁸⁸1m⁶m¹¹⁸ss¹1¹¹2ffli¹3²51022¹22313¹{fgssffikffssssffiffifitessxsssffffl

915 4113 1092 4186 egeni,
1117 4120 1174 4169 et
1197 4113 1264 4167 de
1286 4119 1530 4166 stercore
1565 4111 1853 4198 erigantur
1892 4125 2178 4183 pauperes,
2202 4116 2261 4164 et
2301 4111 2637 4166 collocentur
2673 4127 2799 4166 cum
2819 4112 2997 4184 princi
3036 4113 3160 4168 ibus
3196 4129 3295 4184 pro

914 4185 1251 4311 miii?
1269 4182 1741 4307 ἅθ”ἒέἒῑέἷζὲῗῖ
1769 4179 2721 4326 saizflzpffitffiffzffsszffisszsi
2747 4183 2999 4310 “affl
3026 4193 3298 4328 ῗέἑοᾜῗ

919 4327 1070 4390 Quid
1086 4334 1110 4380 ?
1183 4326 1237 4380 N
1242 4342 1382 4380 onne
1423 4325 1667 4396 quotidie
1731 4331 1947 4378 ortunae
1992 4330 2188 4378 vestra
2224 4325 2609 4396 periclitantur
2625 4331 2649 4379 ἲ
2720 4327 3010 4380 Bonorum
3056 4327 3295 4380 omnium

915 4399 1249 4469 gravissimis
1274 4395 1444 4468 pesnis
1459 4394 1737 4465 jacturam
1771 4395 1955 4449 facere
1983 4393 2449 4450 Christianissime
2473 4396 2747 4462 mavultis,
2770 4413 2932 4468 quam
2955 4397 3134 4469 legem
3158 4396 3295 4468 posi-

914 4469 1106 4536 tivam,
1143 4470 1427 4539 minusque
1481 4479 1667 4522 severe
1708 4467 2043 4538 obligantem
2084 4471 2285 4521 sanctas
2326 4467 2521 4521 matris
2562 4469 2803 4523 eeclesioe
2845 4468 3188 4539 transgredi:
3241 4474 3297 4521 et

916 4547 1099 4594 tamen
1123 4540 1330 4605 eadem,
1353 4556 1418 4592 ac
1443 4538 1608 4593 etiam
1633 4545 1816 4609 caput,
1842 4537 1887 4591 si
1921 4535 1996 4592 sit
2032 4553 2267 4603 necesse,
2288 4539 2534 4610 periculo
2560 4539 2819 4623 objicere,
2854 4556 2965 4592 non
3000 4539 3170 4593 satius
3205 4539 3295 4592 ha-

915 4608 1076 4674 betis,
1100 4628 1261 4681 quam
1285 4626 1396 4663 non
1419 4609 1626 4664 violare
1645 4609 1879 4672 firmam,
1903 4617 2068 4680 atque
2115 4608 2508 4663 immutabilem
2535 4609 2644 4664 Dei
2668 4610 2845 4682 legem
2878 4609 3030 4663 vobis
3052 4609 3295 4682 prascri-

915 4679 1153 4743 bentem,
1193 4699 1262 4735 ne
1303 4680 1629 4750 injustitiam
1670 4679 2008 4735 exerceatis?
2080 4678 2355 4751 Equidem
2396 4698 2609 4748 vereor,
2649 4699 2717 4734 ne
2765 4681 2821 4734 in
2854 4698 2950 4734 vos
2988 4680 3293 4765 retorqueri

915 4752 1089 4823 possit
1110 4752 1186 4814 id,
1211 4752 1358 4822 quod
1399 4751 1670 4806 Dominus
1713 4751 2005 4806 Phariseis
2030 4750 2252 4821 objecit,
2289 4759 2329 4786 “
2347 4751 2533 4806 Duces
2558 4752 2685 4806 caeci
2718 4752 3027 4805 excolantes
3051 4753 3291 4812 cuhcem,

915 4822 1184 4894 camelum
1225 4828 1409 4876 autem
1443 4822 1794 4894 glutientes.”
1868 4820 1981 4876 Per
2012 4821 2315 4892 passionem
2346 4823 2523 4876 nostri
2548 4823 2937 4893 Redemptoris
2972 4830 3293 4878 mementote
