3634 5842
883 755 1004 819 166
1309 751 1727 819 o'sunmvm1
1757 769 2075 817 ms'romm
2105 770 2492 828 cunonem,
2534 768 2663 814 'rou
2708 768 2810 813 111.
2994 748 3149 833 [us.
3182 770 3263 814 11.

879 924 1144 991 subsidio
1172 924 1404 990 venire:
1449 924 1514 989 id
1542 946 1608 989 se
1656 943 1847 1010 usque
1894 924 1971 989 ad
2018 925 2483 991 internecionem
2511 919 2990 1009 prohibiturum:
3036 928 3264 1008 quanto

877 1014 944 1077 in
971 1011 1234 1097 periculo
1263 1034 1358 1077 res
1386 1010 1466 1077 sit
1514 1012 1648 1091 sita,
1677 1011 2059 1077 manifestum
2110 1034 2255 1091 esse,
2288 1014 2339 1079 δι
2368 1012 2454 1077 ita
2480 1010 2767 1075 'Pii-onum
2790 1009 2835 1087 ‚a
2860 1032 2923 1075 se
2950 1032 3060 1095 pro
3088 1008 3265 1074 hoste

878 1098 1218 1165 habendum
1247 1098 1364 1165 nisi
1388 1098 1505 1185 ipsi
1531 1098 1598 1163 in
1623 1105 1794 1163 tanto
1824 1098 2163 1164 discrimine
2190 1099 2387 1184 posito
2430 1098 2582 1163 ferat
2608 1096 2917 1162 auxilium.
3008 1094 3148 1167 Qua.
3172 1094 3260 1161 le-

879 1187 1117 1271 gatione
1145 1186 1350 1251 audita
1377 1185 1622 1251 diversis
1667 1185 1825 1250 curis
1869 1186 2081 1251 anxius
2120 1186 2378 1250 Tirenus
2407 1183 2860 1262 distrahebatur,
2890 1205 3031 1249 cum
3057 1184 3257 1247 animo

671 1284 848 1353 [132]
873 1294 982 1338 suo
1011 1280 1296 1359 reputans
1323 1271 1762 1355 O'Donellumu
1817 1272 2050 1337 ineerta.
2089 1294 2194 1357 spe
2238 1271 2495 1356 Hispani
2545 1270 2751 1336 auxilii
2778 1292 2983 1355 gerere
3008 1268 3251 1348 bellum,

867 1368 1183 1444 antequam
1236 1358 1510 1445 Hispana
1553 1360 1726 1445 signa
1751 1360 1816 1424 in
1847 1358 2089 1424 Ibernia
2131 1356 2329 1425 videat
2358 1380 2425 1423 ac
2453 1358 2539 1422 ita
2563 1379 2691 1423 rem
2718 1356 3157 1423 Catholicorum
3184 1356 3253 1421 in

865 1468 1098 1512 summo
1128 1446 1466 1512 discrimine
1493 1468 1622 1511 esse
1665 1446 1860 1523 sitam,
1891 1446 2071 1511 etiam
2098 1446 2151 1510 si
2176 1446 2306 1531 ipse
2347 1446 2499 1511 ferat
2526 1466 2741 1529 opem,
2788 1446 2881 1510 sin
2910 1445 3109 1509 minus
3136 1442 3249 1509 Ca-

861 1532 1100 1598 tholicis
1127 1532 1472 1619 opituletur,
1499 1532 1979 1599 Protestantibus
2007 1539 2209 1598 tamen
2236 1553 2301 1597 se
2328 1554 2457 1597 esse
2496 1536 2851 1617 suspectam,
2884 1533 2937 1596 δε
2963 1532 3050 1596 ita
3075 1532 3249 1595 vtris-

863 1641 980 1705 que
1007 1619 1135 1684 fore
1163 1620 1394 1685 hostem
1417 1619 1770 1706 judicatum.
1812 1619 2195 1687 Adventante
2222 1618 2363 1687 verb
2392 1618 2611 1705 reginoe
2630 1618 2893 1683 exercitu
2919 1616 3249 1683 Cormakus

863 1706 1158 1772 O’Nellus
1185 1708 1392 1772 'I'ironi
1439 1708 1620 1771 frater
1668 1728 1802 1772 cum
1836 1705 2139 1794 equitibus
2186 1722 2448 1785 centum,
2479 1713 2541 1771 et
2589 1703 3011 1769 bombardariis
3053 1704 3245 1769 veliti-

863 1791 978 1859 bus
1005 1792 1283 1859 trecentis
1311 1793 1387 1860 ad
1416 1792 1821 1859 O'Donellum
1848 1794 1914 1859 in
1942 1800 2133 1860 castra
2158 1799 2343 1873 vemt,
2373 1794 2667 1863 missusne
2694 1792 2731 1855 a
2756 1792 2998 1870 'Pirono,
3028 1814 3104 1856 an
3132 1812 3243 1857 suo

864 1880 1070 1959 ductu,
1099 1878 1344 1946 minime
1371 1881 1514 1947 satis
1541 1880 1821 1946 omnibus
1846 1880 2173 1947 constabat.
2262 1880 2404 1945 Mac
2432 1880 2637 1958 Guier,
2671 1880 2723 1943 δι
2750 1878 3078 1943 Cormakus
3105 1899 3243 1943 cum

863 1967 1164 2054 peditibus
1193 1966 1356 2033 mille
1382 1989 1456 2032 ex
1485 1966 1808 2033 O'Donelli
1836 1969 2041 2033 eastris
2070 1968 2229 2034 hosti
2272 1967 2505 2033 obviam
2536 1973 2699 2045 eunt,
2728 1972 2797 2029 vt
2822 1964 2995 2030 illum
3043 1965 3239 2029 incur-

863 2053 1132 2119 sionibus
1177 2054 1548 2139 prohibeant,
1602 2076 1948 2140 somnoque,
2002 2057 2055 2121 &
2104 2056 2305 2140 quiete
2351 2054 2605 2141 privent,
2638 2054 2957 2138 quominus
3002 2062 3241 2117 strenue

861 2162 1000 2206 cum
1028 2140 1366 2207 O'Donello
1413 2140 1622 2227 postea
1661 2140 1979 2227 praelietur.
2067 2141 2318 2207 Interim
2363 2140 2584 2206 Dukus
2624 2162 2746 2205 non
2776 2138 3017 2225 longius
3044 2137 3239 2203 tribus

857 2226 1120 2292 millibus
1147 2250 1432 2313 passuum
1461 2227 1574 2293 sub
1603 2250 1913 2313 vesperum
1944 2228 2214 2293 consistit
2242 2228 2279 2292 6
2305 2227 2506 2293 Farnii
2540 2227 2805 2293 fluminis
2832 2226 3048 2292 vada*
3114 2224 3241 2291 Ubi

851 2313 1112 2379 tenebris
1139 2314 1345 2401 primis
1373 2314 1412 2379 a
1439 2314 1580 2381 Mac
1609 2315 1851 2394 Guiere,
1883 2316 1935 2379 St
1962 2314 2257 2380 Cormako
2304 2314 2498 2379 missis
2548 2313 2843 2398 sclopistis
2891 2312 3239 2379 densissima

855 2400 1264 2487 plumbearum
1323 2401 1644 2486 pilularum
1701 2402 1761 2465 vi
1817 2401 2137 2485 improviso
2196 2398 2501 2467 obruitur:
2548 2422 2699 2486 quos
2757 2406 2963 2465 contra
3016 2399 3237 2465 Dukus

859 2509 1095 2587 quoque
1123 2488 1563 2588 bombardarios
1583 2510 1732 2589 ’suos
1757 2488 1966 2589 mittit.
2054 2488 2153 2553 Ita
2180 2494 2427 2575 vtraque
2454 2495 2621 2574 parte
2648 2508 2753 2573 per
2780 2494 3013 2552 noctem
3044 2493 3235 2585 totam

855 2573 3235 2749 ffltfissfflfii’{332¹13230232'51511303333'2’?sffifflssfflgz

853 2749 1016 2815 mina
1064 2750 1178 2815 tria
1225 2750 1526 2815 instruens
1575 2750 1863 2835 equitum,
1898 2750 1950 2815 ἃ,
1978 2749 2463 2835 scloperariorum
2506 2746 2613 2813 alis
2654 2747 2903 2825 munita,
2935 2746 3093 2832 qu6d
3120 2747 3222 2811 im-

851 2835 1191 2921 pedimenta
1237 2858 1454 2922 magna
1501 2835 1775 2915 habebat,
1821 2836 2229 2920 jumentorum
2274 2858 2407 2922 quae
2449 2840 2841 2901 commeatum
2870 2832 3231 2917 bajulabant,

851 2923 1256 3003 asinariorum,
1315 2924 1608 3003 calonum,
1668 2932 1848 3009 atque
1904 2924 2296 3003 meretricum,
2348 2946 2417 2988 ea
2464 2923 2527 2987 in
2572 2920 2720 2987 duas
2761 2926 2957 3006 partes
2999 2920 3229 2999 dividit,

851 3008 1093 3074 alteram
1110 3010 1265 3075 inter
1285 3012 1558 3097 primam,
1591 3011 1642 3074 δι
1665 3010 1986 3075 secundam
2003 3010 2206 3088 aciem,
2242 3012 2291 3075 &
2320 3010 2475 3074 inter
2496 3010 2670 3087 hanc,
2696 3010 2749 3073 a
2792 3006 3055 3072 Vltimam
3084 3007 3228 3072 alte-

847 3116 974 3160 ram
995 3096 1258 3161 collocat.
1353 3096 1672 3167 Quomodo
1692 3096 2022 3161 instructus
2040 3096 2253 3161 milites
2275 3097 2588 3182 praeteritae
2608 3092 2800 3160 noctis
2823 3094 3025 3177 vigilia
3052 3094 3225 3159 semi-

847 3203 1082 3246 somnes
1113 3181 1146 3245 ὲ
1175 3183 1378 3247 castris
1407 3205 1650 3247 movens
1680 3183 1717 3245 a
1743 3182 2065 3247 Catholicis
2116 3182 2403 3248 continuo
2430 3182 2551 3249 tela
2572 3179 2929 3268 jacientibus
2956 3202 3225 3267 gressum

845 3270 1230 3421 {Zssffiinffie‘i
1258 3268 1838 3421 {fflicffieffi
1836 3268 2125 3441 ’1333322
2152 3270 2499 3422 &⁰333ss
2502 3270 2695 3421 Ἔῖῗῖἱ
2707 3290 2831 3419 ³3¹⁰
2812 3290 3033 3419 Fas-³113,
3070 3268 3225 3421 ..tii

843 3440 1026 3507 venit.
1111 3441 1237 3507 Vbi
1265 3442 1492 3528 equites
1519 3441 1595 3506 ad
1622 3441 1803 3529 pedes
1834 3441 2183 3507 descendere
2206 3441 2397 3528 jubet,
2429 3442 2593 3529 qu6d
2621 3448 2745 3509 erat
2771 3444 2939 3506 locus
2968 3442 3227 3527 equestri

841 3528 1046 3615 praelio
1094 3528 1293 3593 minus
1336 3529 1604 3595 idoneus.
1695 3528 1817 3595 Hic
1867 3530 2009 3595 Mac
2060 3529 2265 3609 Guier,
2296 3536 2355 3595 et
2384 3528 2712 3595 Cormakus
2740 3550 2878 3595 cum
2920 3527 3223 3614 peditibus

841 3614 1004 3680 mille
1030 3617 1173 3680 totis
1199 3616 1424 3682 viribus
1453 3616 1758 3683 dimicant.
1842 3614 2071 3681 Eorum
2113 3615 2509 3682 bombardarii
2537 3614 2761 3703 agmini
2788 3614 2980 3700 primo
3007 3614 3223 3680 fortius

839 3701 1224 3783 reluctantm,
1259 3706 1312 3769 ἃ
1341 3704 1545 3769 vltimo
1573 3727 1697 3768 non
1713 3703 1895 3769 modo
1914 3702 2325 3783 bombardarii,
2356 3704 2458 3769 sed
2478 3705 2655 3769 etiam
2670 3702 2888 3767 hastati
2915 3702 3220 3768 insistunt.

839 3788 1138 3877 Caeterum
1183 3790 1442 3876 primum
1490 3813 1700 3875 agmen
1753 3791 1908 3856 ferro
1936 3791 2091 3856 viam
2122 3790 2407 3877 aperiens,
2440 3792 2491 3856 δι
2520 3790 2660 3855 hino
2702 3788 2841 3855 inde
2882 3787 3219 3853 Catholicos

837 3898 1042 3941 arcens
1068 3876 1290 3943 vadum
1317 3878 1676 3963 aggreditur.
1767 3877 2019 3942 Interim
2047 3876 2336 3943 Catholici
2364 3876 2778 3955 bombat-darii,
2809 3876 2913 3961 qui
2936 3875 3217 3939 ultimum

835 3986 1050 4049 agmen
1075 3964 1156 4029 im
1364 3965 1527 4044 bant,
1556 3965 2011 4049 protestantium
2039 3964 2523 4049 scloperariorum
2564 3964 2685 4029 alas
2712 3964 2777 4029 in
2814 3983 3027 4047 agmen
3053 3982 3217 4026 com-

833 4050 1087 4136 pellunt,
1121 4052 1133 4064 ‘
1181 3988 1384 4137 iiffilntiie
1431 4051 1725 4137 plumbeis
1768 4051 2087 4136 glandibus
2118 4054 2489 4117 continenter
2516 4050 2811 4135 carpendo
2838 4050 3065 4114 faciunt
3092 4054 3207 4111 tre-

833 4137 1072 4222 pidare:
1119 4138 1544 4223 ordinibusque
1593 4139 1712 4204 iam
1755 4138 1967 4204 laxatis
2007 4139 2468 4223 incompositum
2498 4136 2789 4203 Catholici
2816 4136 3033 4201 hastati
3057 4135 3209 4199 irru-

833 4225 988 4290 endo
1037 4225 1277 4312 penitus
1325 4224 1680 4305 disturbant,
1714 4226 1766 4291 &
1795 4247 1932 4290 cum
1962 4225 2145 4290 altera
2172 4233 2339 4311 parte
2364 4224 2921 4312 impedimentorum
2950 4222 3209 4307 primum

832 4312 1248 4378 confundunt:
1294 4311 1508 4378 deinde
1565 4311 1639 4378 ad
1689 4310 1950 4377 medium
2008 4334 2221 4397 agmen
2277 4312 2661 4399 compellunt.
2768 4310 2888 4375 Hic
2944 4307 3208 4373 medium

831 4420 1042 4483 agmen
1073 4399 1294 4486 duplex
1339 4405 1634 4465 certamen
1679 4398 1886 4478 inibat,
1920 4398 2171 4463 alterum
2220 4422 2352 4464 com
2434 4400 2629 4465 nendo
2672 4396 2945 4463 Vltimum
2974 4412 3205 4481 agmen,

831 4484 1080 4551 alterum
1107 4486 1430 4553 Catholicis
1458 4486 1817 4551 resistendo:
1866 4485 1968 4552 sed
1998 4494 2312 4571 Vtrumque
2370 4486 2389 4515 ¹
2425 4486 2631 4552 tholici
2668 4484 2931 4569 vrgendo
2960 4480 3210 4548 confun-

899 4701 923 4726 ‘
961 4699 1102 4752 Now
1129 4700 1412 4759 Drumane
1455 4706 1667 4777 bridge‚
1711 4706 1813 4759 five
1856 4708 2011 4760 miles
2050 4708 2210 4761 south
2237 4708 2303 4763 of
2334 4706 2695 4761 Enniskillen.
2776 4706 2923 4759 Four
2960 4706 3213 4770 Martem,

829 4769 983 4824 A.D.
1017 4774 1172 4835 1594,
1197 4792 1250 4843 p.
1295 4777 1442 4830 1953.
1522 4780 1650 4845 Cvx,
1677 4795 1730 4848 p.
1773 4781 1900 4832 403.
1977 4778 2140 4831 News
2180 4778 2245 4831 of
2278 4780 2371 4833 the
2413 4777 2584 4831 battle
2629 4776 2850 4831 arrived
2889 4778 2945 4830 in
2985 4776 3217 4843 Dublin,

826 4842 1058 4931 August„
1079 4845 1098 4893 1
1119 4846 1132 4893 Ι
1144 4878 1162 4905 ,
1197 4846 1350 4922 1594.1
1415 4908 1423 4917 ,
