3634 5842
351 703 486 749 on.
519 684 654 768 111.]
836 707 919 753 ΒΕ
949 709 1329 759 innan-onum
1373 715 1658 763 uomens
1699 719 1909 771 amun
1938 722 2308 770 ammons.
2658 715 2739 775 39

1381 944 1560 1011 CAP.
1607 947 1699 1013 H.

1160 1101 1248 1156 De
1271 1101 1601 1158 Iber-norum
1623 1107 1889 1162 moribus.

342 1241 485 1309 Nos
511 1242 718 1330 igitur,
749 1250 820 1311 ut
847 1245 922 1312 de
951 1245 1306 1314 Ibernorum
1326 1250 1594 1320 moribus
1623 1275 1800 1338 quam
1831 1255 2131 1323 verissime
2172 1278 2363 1343 pauca
2388 1260 2736 1344 referamus,

343 1340 489 1399 sunt
512 1332 784 1398 homines
811 1334 1008 1399 animo
1035 1334 1298 1421 ingenuo
1326 1345 1389 1402 et
1414 1337 1662 1418 liberali,
1683 1341 1748 1406 in
1776 1339 1991 1407 litteris
2020 1349 2083 1408 et
2108 1345 2285 1410 armis
2314 1345 2452 1413 vitae
2479 1370 2740 1434 praesen·

343 1419 424 1484 tis
450 1418 699 1506 gloriam
728 1420 1177 1502 constituentes,
1238 1425 1584 1491 servitutem
1613 1432 1673 1491 et
1719 1449 1900 1514 opera
1948 1431 2289 1497 mechanica
2338 1434 2737 1517 exhorrentes,

342 1505 698 1587 tractabiles,
729 1505 992 1594 benigni,
1021 1509 1365 1595 hospitaleS,
1395 1511 1496 1578 alii
1539 1513 1607 1577 in
1652 1512 1797 1579 alios
1850 1520 1912 1580 et
1958 1517 2149 1604 magis
2192 1541 2333 1604 erga
2374 1527 2649 1588 externos
2678 1533 2739 1590 et

339 1594 598 1659 maxime
625 1616 842 1660 comoe.
933 1595 1174 1682 Quippe
1201 1598 1355 1663 nihil
1381 1598 1500 1664 illis
1529 1601 1756 1685 gratius
1806 1601 2013 1668 feceris
2055 1626 2235 1689 quam
2263 1606 2315 1670 si
2342 1607 2737 1676 invitantibus

342 1681 675 1747 condixeris
702 1688 765 1747 et
793 1704 997 1748 eorum
1025 1705 1260 1749 mensas
1288 1686 1468 1751 etiam
1485 1708 1610 1751 non
1629 1687 1919 1754 invitatus
1934 1689 2423 1775 frequentaveris:
2453 1703 2733 1762 coeterum

340 1766 484 1834 belli
511 1774 571 1834 et
599 1768 828 1834 dissidii
855 1770 1055 1836 furore
1083 1776 1144 1836 et
1170 1769 1418 1838 libidine
1459 1773 1778 1859 capiuntur
1817 1775 1883 1840 in
1913 1799 2083 1842 suam
2110 1799 2300 1864 usque
2328 1782 2645 1866 perniciem
2674 1790 2736 1847 et

339 1856 824 1922 internecionem.
863 1856 962 1922 alii
990 1857 1136 1923 alios
1151 1858 1240 1924 ita
1267 1859 1640 1946 impetentes,
1676 1869 1746 1926 ut
1763 1862 2103 1929 domesticis
2130 1867 2309 1931 armis
2336 1879 2398 1932 et
2426 1867 2736 1935 discordiis

339 1942 485 2008 victi
513 1949 574 2008 et
601 1945 788 2009 eversi
817 1944 1034 2010 exteris
1077 1951 1138 2010 et
1179 1946 1471 2012 haereticis
1518 1947 1679 2012 viam
1727 1949 2013 2034 aperiant.
2103 1952 2273 2018 Sicut
2322 1961 2464 2020 sunt
2508 1961 2735 2022 statura

338 2030 656 2116 elegantes,
683 2031 772 2096 ita
797 2032 1060 2118 corporis
1087 2038 1152 2097 et
1177 2033 1362 2098 animi
1407 2033 1620 2099 robore
1660 2035 1917 2120 praediti,
1946 2037 2238 2124 aptissimi
2266 2037 2444 2121 ber,
2472 2041 2731 2128 frigoris,

337 2117 567 2196 caloris,
619 2119 770 2198 sitis,
818 2119 994 2184 famis
1057 2120 1513 2205 patientissimi:
1578 2121 1911 2188 calamitate
1956 2124 2199 2191 invicti:
2246 2128 2514 2212 quamvis
2569 2128 2731 2196 enim

337 2204 812 2290 possessionibus
881 2213 942 2271 et
1013 2205 1188 2273 bonis
1261 2205 1673 2288 deturbentur,
1731 2209 1977 2276 adversa
2044 2212 2287 2278 fortuna
2355 2223 2729 2301 premantur,

337 2313 738 2358 aerumnarum
787 2291 1042 2359 cumulis
1093 2291 1310 2374 obruti,
1322 2298 1350 2378 ΙΙ
1407 2296 1606 2361 animo
1648 2303 1851 2362 tamen
1892 2307 2091 2364 erecto
2138 2305 2201 2365 et
2227 2300 2404 2382 celso,
2432 2303 2606 2369 vultu
2634 2305 2725 2370 in-
2748 2323 2869 2392 [37]

335 2379 544 2457 fracto,
575 2387 638 2444 et
662 2380 896 2466 ingenti
921 2381 1308 2466 prosperioris
1353 2405 1562 2448 cursus
1612 2405 1716 2469 spe
1767 2406 1833 2449 se
1878 2385 2049 2451 laetos
2092 2409 2219 2452 esse
2303 2411 2385 2453 rae
2412 2411 2477 2453 se
2502 2390 2724 2456 ferunt.

335 2464 404 2530 N
475 2488 554 2530 ue
583 2464 812 2532 nobiles
839 2471 902 2532 et
926 2475 1274 2566 praestantes
1303 2470 1460 2534 viros
1487 2471 1734 2536 minoris
1762 2470 2013 2551 ducunt,
2033 2473 2195 2558 quod
2216 2497 2251 2540 a
2292 2476 2473 2542 versis
2493 2477 2729 2544 casibus

333 2487 530 2638 grffiu
558 2551 772 2637 dejecti
799 2575 1068 2619 omnium
1094 2577 1292 2620 rerum
1319 2556 1520 2641 inopia
1548 2555 1838 2624 laborent.

1354 2949 1536 3016 CAP.
1583 2951 1711 3016 111.

838 3114 1057 3170 Eorum
1083 3115 1429 3172 observantia
1452 3135 1586 3190 erga
1620 3117 1834 3172 litteras
1869 3123 1926 3172 et
1951 3116 2241 3174 litteratos.

340 3273 526 3337 Am:
555 3293 657 3338 eos
686 3269 981 3356 sapientes
1011 3273 1074 3334 et
1100 3291 1276 3334 omne
1305 3292 1496 3356 genus
1523 3269 1922 3336 litteratorum
1937 3271 2249 3338 hominum
2278 3274 2533 3340 maxime
2560 3272 2729 3339 theo-

339 3359 467 3444 logi
515 3359 582 3424 in
637 3360 864 3425 honore
910 3377 1146 3422 summo
1200 3357 1516 3437 habentur,
1545 3379 1738 3444 usque
1781 3359 1929 3424 adeo
1981 3366 2052 3424 ut
2080 3361 2314 3426 etiamsi
2343 3362 2543 3426 omnia
2571 3359 2731 3426 bello

340 3445 679 3526 exardeant,
707 3445 945 3529 imaque
975 3450 1036 3508 et
1084 3465 1317 3509 summa
1359 3445 1736 3524 misceantur,
1756 3446 1925 3510 nefas
1950 3453 2154 3512 tamen
2184 3446 2409 3513 ducant
2438 3449 2505 3514 in
2530 3446 2728 3512 litera-

337 3539 540 3597 torum
595 3533 754 3599 bona
779 3530 972 3596 facere
1014 3530 1327 3616 impetum,
1359 3538 1464 3598 aut
1490 3533 1652 3617 ipsos
1681 3531 1776 3596 vel
1802 3532 2097 3598 levissima
2136 3533 2357 3619 injuria
2384 3555 2723 3621 provocare.

337 3621 432 3684 Ac
458 3625 530 3684 ut
557 3620 660 3686 alii
688 3617 930 3706 quidem
950 3623 1201 3701 questus
1230 3641 1408 3684 causa
1449 3617 1752 3683 literarum
1783 3618 1983 3684 studia
2009 3620 2393 3704 profitentur,
2436 3621 2523 3685 ita
2548 3619 2723 3684 multi

335 3704 692 3772 nobilissimi
742 3703 948 3771 Iberni
987 3703 1138 3768 nihil
1169 3704 1323 3770 lucri
1355 3711 1703 3791 quaerentes,
1735 3704 1840 3769 sed
1891 3705 2117 3770 sciendi
2156 3706 2357 3771 studio
2408 3705 2725 3791 flagrantes

335 3815 402 3858 se
422 3799 582 3858 totos
611 3791 989 3859 scientiarum
1017 3791 1348 3875 cognitioni
1391 3791 1776 3856 devoverunt.
1866 3790 2047 3857 Unde
2076 3792 2321 3878 quidam
2340 3792 2544 3871 tradit,
2555 3790 2723 3856 Iber·

334 3902 450 3945 nos
507 3880 655 3946 adeo
705 3880 808 3946 diu
851 3883 1210 3962 strenueque
1238 3883 1446 3943 contra
1470 3878 1792 3942 immanem
1820 3878 2159 3966 principum
2187 3878 2425 3964 Angliae
2451 3878 2723 3944 haeresim

333 3974 399 4033 et
426 3965 819 4052 tyrannidem,
849 3962 1214 4029 Catholicam
1241 3963 1440 4044 fidem,
1467 3963 1933 4050 religionemque
1960 3965 2231 4046 retinere,
2262 3965 2425 4052 quod
2453 3966 2576 4031 sint
2604 3965 2721 4030 dis-

335 4055 576 4141 ciplinae
617 4077 800 4121 ωσι-ω
827 4050 1148 4137 theologiae
1191 4049 1398 4116 dediti.
1483 4050 1702 4116 Nostri
1744 4051 2074 4138 jurisperiti
2102 4052 2458 4133 Caesareum,
2508 4051 2718 4116 Ponti-

331 4142 654 4230 ficiumque
700 4144 802 4229 jus
859 4139 1070 4207 callere
1098 4161 1208 4204 nec
1269 4137 1582 4205 Iberorum
1625 4139 1965 4239 principum
2006 4140 2340 4206 sanctiones
2369 4144 2431 4205 et
2448 4139 2718 4204 locorum

333 4229 800 4296 consuetudines
828 4230 1104 4315 ignorare
1133 4224 1372 4292 debent.
1417 4225 1712 4292 Histonci
1743 4227 2150 4313 genealogiam
2180 4227 2379 4312 gentis
2400 4223 2712 4305 Iber-nicee,

329 4316 428 4382 vel
449 4317 744 4403 originem
768 4337 961 4403 usque
990 4313 1066 4380 ad
1095 4311 1397 4378 Adamum
1424 4314 1683 4400 primum
1711 4314 2051 4380 mortalium
2071 4319 2301 4399 patrem
2342 4331 2555 4410 resque
2584 4333 2715 4397 ges-

329 4411 425 4469 tas
471 4403 688 4470 litteris
734 4403 1045 4481 Ibernicis,
1105 4398 1441 4466 observant.
1529 4399 1774 4480 Medici,
1815 4401 2199 4486 chirurgique
2238 4405 2440 4464 tamen
2490 4420 2541 4462 s1
2589 4420 2714 4463 non

329 4495 476 4556 sunt
502 4491 718 4556 exteris
746 4490 1034 4578 sapientia
1059 4493 1123 4554 et
1149 4487 1482 4553 eruditione
1507 4487 1878 4574 praeferendi,
1920 4486 2309 4552 nihilominus
2325 4483 2599 4550 medendi
2626 4486 2711 4550 fe-

329 4576 555 4643 licitate
583 4577 902 4644 excellunt.

416 4664 606 4730 Poeta
625 4665 799 4731 metri
827 4663 1092 4730 Ibernici
1116 4661 1418 4741 varietate,
1429 4659 1695 4739 artificiO,
1725 4658 1972 4739 facetiis,
1995 4659 2245 4746 argutiis
2275 4682 2481 4725 omnes
2507 4660 2707 4727 facile-

330 4759 540 4836 gentes
575 4753 894 4840 (quantum
922 4773 1034 4838 ego
1064 4749 1404 4836 conjectura
1433 4745 1792 4842 consequor)
1826 4753 2143 4828 antestant,
2173 4748 2289 4814 hoc
2317 4753 2516 4816 tamen
2538 4747 2703 4814 dam-
