3634 5842
383 742 524 790 oar.
557 718 650 806 ι]
1047 743 1132 788 nn
1175 741 1464 788 insnum
1506 743 1646 788 srru
1691 743 1767 787 m·
1810 743 2084 788 NATURA.
2699 725 2777 786 11

380 917 626 982 campus
653 900 825 960 tanto
855 917 968 960 oere
997 901 1319 981 prematur,
1351 901 1575 981 quanto
1603 896 1802 961 cultus
1833 903 1893 960 et
1913 895 2125 961 fertilis
2154 915 2312 980 ager,
2343 892 2485 959 inde
2504 894 2781 960 effectum

377 988 470 1048 est
497 989 570 1048 ut
597 983 663 1047 in
691 981 856 1046 silvis
883 981 1324 1068 montibusque,
1348 983 1626 1068 jugerum
1643 1005 1831 1048 unum
1850 981 2261 1069 magnitudine
2290 989 2528 1066 superet
2556 981 2777 1060 decem,

375 1069 614 1156 viginti,
645 1069 911 1154 triginta,
955 1069 1198 1155 plurave
1219 1071 1432 1155 jugera
1458 1070 1835 1135 feracissimas
1862 1077 1923 1134 et
1950 1069 2265 1134 uberrimae
2291 1067 2501 1154 glebae.
2588 1067 2655 1132 N
2657 1091 2780 1133 am-

375 1178 590 1309 {3313
609 1155 1287 1308 353³}stssssssssss
1315 1155 2337 1329 ffissffifflssnssssssqffi‘i‘ossfflssi.
2351 1156 2780 1307 mum

375 1353 524 1396 num
554 1329 852 1396 industria
899 1328 1145 1396 subacta
1195 1329 1586 1416 subjiciantur
1631 1335 1847 1409 aratr0,
1878 1337 1940 1394 et
1989 1328 2315 1395 uberiorem
2370 1330 2613 1415 frugum
2640 1352 2777 1415 pro-

374 1425 624 1484 ventum
651 1417 866 1497 ferant,
915 1417 1078 1483 haud
1118 1415 1370 1482 obscure
1419 1416 1720 1502 colligitur
1767 1417 2051 1502 majorem
2096 1438 2225 1483 esse
2282 1437 2445 1481 nunc
2500 1439 2777 1482 arvorum

375 1525 688 1570 numerum
721 1525 900 1588 qnam
926 1510 1060 1568 tum
1087 1503 1208 1568 fuit
1235 1525 1372 1569 cum
1401 1503 1530 1570 hoec
1559 1503 1770 1568 divisio
1798 1503 1918 1568 fuit
1944 1527 1981 1568 a
2006 1503 2305 1568 veteribus
2335 1504 2717 1586 constituta„
2798 1517 2907 1586 [8.]

463 1591 582 1656 IV.
625 1589 1198 1656 DIVIS10.-A]iam
1227 1590 1576 1655 divisionem
1625 1591 1819 1656 adfert
1860 1589 2256 1669 cambrensis,
2288 1611 2570 1669 asserens,
2600 1591 2775 1675 quin-

377 1701 496 1763 que
520 1677 652 1744 illas
723 1678 860 1742 raeci
903 1699 1010 1743 uas
1037 1677 1298 1743 Iberniae
1346 1677 1617 1762 regiones
1666 1675 1935 1763 singulas
1979 1683 2251 1742 constare
2296 1675 2626 1742 cantaredis
2668 1678 2776 1742 tri-

375 1767 548 1852 ginta
576 1765 696 1830 duo
738 1787 832 1843 us,
859 1699 1164 1830 {mmm
1190 1785 1330 1830 vero
1347 1763 1676 1843 sexdecem,
1700 1770 1763 1829 et
1787 1765 1875 1829 ita
1902 1771 2093 1830 totam
2108 1763 2363 1828 insulam
2394 1763 2777 1850 septuaginta

374 1873 514 1917 sex:
559 1851 946 1918 cantaredum
988 1873 1130 1916 vero
1177 1873 1304 1915 esse
1351 1857 1523 1916 terrae
1581 1851 1843 1936 spatium
1900 1851 2215 1916 continens
2273 1858 2513 1915 centum
2564 1873 2771 1936 pagos

373 1938 510 2024 Ego
536 1959 677 2004 vero
705 1960 831 2003 non
878 1959 1120 2023 possum
1167 1937 1401 2017 deduci,
1429 1944 1501 2002 nt
1527 1936 1876 2003 cambrensi
1904 1938 1978 2004 de
2006 1936 2336 2004 cantaredis
2378 1943 2439 2002 et
2480 1959 2775 2022 pagorum

371 2047 622 2091 numero
651 2024 955 2105 assentiar,
985 2025 1240 2090 maxime
1267 2045 1406 2090 eum
1458 2024 1746 2090 diversam
1777 2025 2119 2110 opinionem
2146 2025 2213 2089 in
2241 2022 2534 2089 Ibernicis
2563 2046 2771 2088 manu·

371 2113 606 2198 scriptis
621 2112 887 2198 legerim.
929 2113 1020 2178 Ea
1051 2113 1136 2177 sic
1157 2109 1369 2177 habetz
1401 2111 1467 2175 in
1485 2111 1722 2177 duobus
1743 2112 2071 2176 Momoniis
2090 2111 2383 2178 contineri
2412 2111 2775 2176 “tumebas”

371 2200 770 2286 septuaginta.
806 2201 926 2265 70:
971 2199 1036 2263 in
1065 2197 1316 2264 Ultonia
1341 2198 1590 2284 triginta
1631 2200 1897 2285 quinque
1928 2202 2009 2263 35
2038 2227 2052 2264 :
2096 2199 2163 2263 in
2190 2197 2459 2284 Lagania
2484 2219 2667 2262 unam
2711 2203 2775 2263 et

371 2287 638 2372 triginta.
669 2288 792 2351 31:
823 2285 890 2351 in
917 2285 1266 2368 Connachta
1293 2286 1561 2370 triginta.
1596 2288 1677 2350 30
1703 2313 1718 2350 ε
1763 2286 1831 2350 in
1858 2285 2095 2351 Midhia
2124 2291 2259 2350 octo
2290 2284 2513 2350 decem.
2548 2287 2631 2349 18
2661 2312 2675 2349 ι
2709 2291 2773 2350 et

367 2373 458 2438 ita
483 2371 787 2438 Iberniam
815 2379 1006 2437 totam
1053 2379 1326 2438 constare
1371 2372 1634 2438 treuchis
1683 2380 1925 2438 eentum
1954 2373 2261 2457 octaginta
2290 2377 2563 2456 quatuor.
2597 2375 2725 2436 184
2751 2398 2766 2436 ε

373 2459 682 2525 treucham
711 2481 852 2524 vero
881 2481 1007 2524 esse
1053 2459 1312 2544 spatium
1355 2465 1526 2524 terrae
1555 2459 1957 2545 complectens
2007 2481 2195 2545 pagos
2222 2459 2489 2544 triginta.
2580 2459 2771 2524 Juxta

371 2546 538 2611 hunc
566 2545 882 2624 calculum,
914 2546 1017 2630 qui
1044 2545 1224 2632 longe
1252 2545 1610 2611 moderatior
1660 2553 1770 2625 est,
1803 2568 1985 2631 quam
2030 2544 2407 2611 Cambrensis
2458 2567 2768 2624 numerus,

367 2633 618 2698 fuerunt
661 2633 728 2696 in
774 2632 971 2697 insula
1016 2639 1148 2698 tota
1195 2633 1458 2717 quinque
1501 2631 1706 2711 millia,
1755 2633 2070 2718 quingenti
2115 2637 2175 2696 et
2218 2632 2433 2716 viginti
2481 2655 2522 2718 p
2605 2633 2660 2698 ἐ
2708 2639 2769 2697 et

367 2719 612 2784 Midhia
639 2740 775 2804 quae
823 2740 958 2803 pars
1003 2719 1132 2804 ejus
1183 2719 1416 2784 circiter
1457 2718 1770 2784 undecima
1811 2725 2076 2804 putatur,
2128 2718 2398 2784 continet
2426 2727 2561 2783 octo
2604 2741 2769 2784 ecem

367 2806 636 2872 trenchis
680 2827 868 2892 pagos
913 2805 1273 2890 quingentos
1323 2813 1384 2870 et
1429 2805 1841 2890 quadraginta,
1894 2827 2033 2870 cum
2088 2804 2545 2904 populosissima
2618 2805 2768 2869 Hel-

369 2893 666 2958 vetiorum
724 2890 1056 2977 respublica
1106 2891 1570 2976 quadringentos
1619 2913 1806 2977 pagos
1857 2897 1918 2956 et
1964 2913 2042 2976 op
2083 2891 2183 2956 ida
2240 2891 2566 2958 duodecem
2624 2891 2768 2957 olim

369 2979 652 3057 tenuerit,
684 2984 759 3044 ut
787 2979 963 3044 docet
989 2977 1187 3043 Caesar
1215 2977 1548 3063 Imperator
1574 2977 1710 3042 Lib.
1745 2977 1800 3042 I.
1834 2978 1909 3043 de
1935 2914 2107 3044 Belin
2138 2977 2389 3044 Gallico.

459 3065 538 3132 V.
583 3064 1232 3136 D1v1s1o.--Quat1·10r
1281 3073 1425 3130 sunt
1468 3063 1726 3130 Iberniae
1755 3065 1934 3130 urbes
1960 3071 2256 3130 vetustate
2285 3071 2347 3131 et
2373 3066 2546 3130 famae
2575 3066 2767 3152 magis

367 3152 608 3239 inclytae
633 3180 650 3220 ε
695 3150 1009 3217 Dublinna
1032 3152 1100 3217 in
1125 3151 1180 3216 L
1291 3153 1411 3230 nia,
1453 3151 1885 3237 magnitudine,
1916 3152 2135 3218 civium
2163 3174 2432 3232 numero,
2464 3158 2767 3218 structm·a

369 3239 776 3318 oedificiorum,
835 3239 1006 3339 copia
1060 3246 1184 3303 tem
1247 3261 1438 3318 orum,
1495 3239 1708 3304 mercis
1754 3239 2057 3318 varietate,
2106 3239 2437 3325 frequentia
2492 3241 2765 3326 gentium

369 3333 722 3407 exterarum,
751 3325 928 3392 Liffe1
976 3325 1143 3390 fluvii
1212 3326 1309 3390 eni
1349 3331 1535 3391 oursu'
1575 3325 2045 3410 praeterlabentia
2100 3327 2437 3392 amaenitate
2483 3327 2759 3413 insignis.

373 3411 576 3484 Quam
601 3413 915 3478 imitantur
959 3411 1092 3478 aliae
1136 3417 1260 3478 tres
1286 3413 1354 3478 in
1382 3411 1708 3478 Momoniis
1757 3413 1910 3491 sitae,
1940 3413 2227 3500 Manapia
2269 3435 2401 3499 quae
2432 3413 2652 3479 dicitur
2696 3421 2758 3480 et

371 3498 765 3578 Gaterfordia,
815 3499 1131 3565 Corcaeha.
1178 3498 1541 3564 Lomnacha.
1631 3498 1810 3565 Hanc
1840 3499 2129 3565 Sininnus
2172 3501 2383 3579 amnis,
2412 3523 2535 3565 non
2566 3501 2763 3565 solum

371 3585 628 3652 Iberniae
671 3587 986 3665 maximus,
1037 3585 1144 3651 sed
1209 3584 1604 3652 celeberrimis
1661 3585 1881 3672 quibus
1920 3608 1997 3652 ue
2054 3587 2177 3651 fere
2233 3586 2626 3651 conferendus
2684 3587 2762 3652 ad

369 3673 588 3738 moenia
615 3672 840 3738 divisus
887 3673 954 3738 in
1004 3671 1154 3737 duos
1182 3673 1379 3738 alveos
1426 3673 1735 3751 interfluit,
1767 3677 1832 3737 et
1952 3673 2063 3750 uit,
2092 3672 2233 3737 inde
2274 3694 2338 3736 se
2385 3673 2449 3736 in
2494 3672 2761 3758 spacioso

447 3768 550 3824 rtu
603 3759 756 3824 mari
809 3758 1138 3838 involvens,
1196 3759 1418 3838 loetam,
1476 3758 2051 3844 pulcherrimamque
2097 3757 2309 3823 reddit.
2399 3757 2761 3824 Corcacham

365 3781 516 3912 llius
561 3847 787 3912 flumen
831 3845 998 3910 alveo
1025 3844 1248 3931 triplici
1297 3845 1590 3923 circumit,
1643 3850 1705 3909 et
1747 3845 2040 3909 interfluit
2084 3842 2205 3908 leni
2248 3865 2427 3910 cursu
2476 3845 2648 3910 fusus
2693 3847 2759 3910 in

445 3939 609 4000 rtum
635 3931 892 3998 navibus
940 3931 1244 4016 capiendis
1272 3939 1334 3996 et
1374 3955 1411 3996 a
1437 3937 1788 4016 tempestate
1842 3930 2227 3996 defendendis
2271 3930 2573 4012 idoneum,
2626 3931 2757 3997 mil-

393 4019 523 4086 'bus
550 4017 826 4106 passibus
855 4018 1058 4084 decem
1106 4018 1374 4103 longum.
1465 4018 1749 4103 Manapia
1796 4023 1927 4082 tran
1970 4017 2223 4084 uillitate
2263 4023 2474 4104 portus
2502 4019 2761 4084 externis

363 4105 618 4174 navibus
643 4128 770 4172 non
816 4127 950 4170 raro
995 4104 1158 4190 pleni
1201 4126 1574 4190 nequaquam
1621 4103 1877 4170 habetur
1918 4127 1957 4169 o
1999 4127 2187 4170 scura.
2279 4105 2435 4170 Sunt
2461 4127 2601 4171 vero
2630 4105 2760 4170 aliae

365 4195 632 4260 civitates
659 4215 784 4259 non
812 4213 1019 4280 paucae
1047 4191 1153 4256 sed
1201 4192 1492 4271 noviores,
1544 4191 1766 4278 oppida
1813 4192 1994 4258 etiam
2022 4191 2283 4278 insignia
2308 4192 2504 4278 pluria
2532 4198 2593 4256 et
2636 4193 2757 4256 situ

363 4279 504 4346 laeta
550 4288 614 4346 et
657 4287 872 4345 natura
917 4299 1212 4364 opereque
1255 4299 1380 4344 non
1427 4279 1760 4358 immunita,
1809 4301 1945 4365 quae
1991 4281 2192 4344 omnia
2231 4279 2483 4365 longum
2524 4277 2753 4358 fuisset,

363 4368 720 4432 nominatim
747 4387 1070 4432 recensere.

449 4453 566 4520 VI.
611 4452 1104 4519 Druna—Hie
1131 4458 1275 4517 sunt
1319 4450 1576 4517 Iberniae
1617 4451 1937 4516 divisiones
1966 4451 2317 4517 saeculares:
2363 4449 2757 4516 ecclesiastica

360 4539 463 4605 illa
519 4547 628 4621 est,
661 4540 1046 4639 Archiepisco
1123 4545 1222 4604 tus
1281 4545 1424 4604 sunt
1481 4545 1754 4623 quatuor,
1812 4538 2153 4603 Ardtnaeha
2192 4536 2474 4602 Primatis
2546 4537 2750 4604 sedesz

363 4625 596 4707 Casilia,
639 4627 890 4692 'Puemia
929 4633 990 4691 et
1101 4625 1370 4704 ublinna,
1417 4631 1478 4690 et
1527 4623 1926 4709 Episcopatus
1976 4631 2145 4690 erant
2192 4623 2443 4710 triginta
2503 4647 2607 4690 sex
2651 4626 2753 4711 qui

362 4735 524 4780 nune
551 4722 694 4780 sunt
722 4713 798 4780 ad
827 4713 1116 4780 minorem
1133 4733 1450 4780 numerum
1475 4709 1752 4794 redactiss
2776 4713 2883 4782 [9·]
