3634 5842
881 713 962 773 94
1307 711 1724 777 o'sunnnvam
1768 729 2087 777 ms'ronu:
2132 729 2519 791 cunonem,
2550 733 2679 778 'rou
2703 736 2775 781 11.
2988 719 3144 802 [mn.
3178 740 3266 784 ιν.

876 886 1031 950 rium
1061 885 1671 951 hominumvestibus
1712 884 2071 951 dissimulati
2118 885 2390 950 incedere
2434 887 2692 953 audent:
2738 889 2803 975 in
2833 911 3041 955 eorum
3068 891 3270 957 locum

874 972 1224 1053 Lutherani,
1297 972 1640 1039 Calvinistae
1685 980 1748 1038 et
1791 974 1921 1039 aliae
1966 972 2390 1038 haereticorum'
2428 980 2604 1039 sectae
2654 974 3065 1043 sufficiuntur:
3110 978 3269 1059 fidei,

875 1060 1170 1145 religioni,
1223 1061 1450 1146 pietati,
1499 1061 1707 1126 virtuti
1749 1060 2011 1126 nuncius
2058 1059 2421 1125 remittitur:
2466 1061 2762 1148 voluptas,
2814 1062 3023 1144 libido,
3054 1066 3267 1146 scelus,

873 1147 1133 1226 haeresiS,
1165 1146 1436 1233 hospicio
1465 1148 1778 1233 excipitur.
1867 1146 2205 1233 Imperetur
2232 1152 2304 1211 ut
2330 1148 2539 1233 regina
2566 1148 2831 1215 ecclesiae
2862 1173 3109 1217 suorum
3136 1175 3268 1238 reg-

875 1257 1094 1300 norum
1139 1240 1339 1320 caput,
1391 1239 1453 1299 et
1502 1234 1778 1320 princeps
1830 1256 1957 1300 esse
2001 1232 2077 1298 ab
2106 1232 2383 1298 omnibus
2414 1236 2773 1302 concedatur
2800 1243 2862 1301 et
2884 1238 3035 1325 jurej
3044 1240 3268 1305 arando

877 1322 1278 1388 confirmetur.
1370 1320 1524 1387 Haec
1545 1322 1712 1406 jussa
1739 1342 1847 1407 per
1896 1322 2093 1407 regios
2141 1320 2445 1385 ministros
2494 1328 2556 1387 et
2606 1323 2917 1409 praefectos
2964 1334 3273 1412 coeperunt

878 1408 1214 1475 executioni
1243 1407 1510 1473 mandari
1529 1407 1788 1495 primum
1808 1408 1873 1473 in
1893 1407 2070 1493 regiis
2088 1406 2341 1493 oppidis,
2366 1408 2801 1495 oppidanorum
2818 1434 3053 1477 summa
3079 1414 3272 1480 reluc-

877 1496 1106 1561 tatione
1134 1502 1198 1561 et
1223 1496 1598 1575 constantim
1627 1494 1770 1559 inde
1797 1496 1865 1559 in
1886 1493 2243 1559 Ibernorum
2269 1495 2609 1581 principum
2638 1496 2893 1563 ditiones
2922 1501 3267 1581 transfersi3

881 1582 1099 1668 quibus
1155 1582 1318 1668 quod
1380 1582 1636 1668 rincipes
1663 1581 1910 1647 minime
1938 1580 2306 1646 subscribere
2348 1580 2685 1663 voluerunt,
2716 1586 2895 1651 variae
2916 1593 3071 1651 artes
3100 1610 3271 1654 exco-

879 1671 1168 1755 gitantur,
1227 1692 1266 1755 q
1330 1604 1445 1735 gns
1500 1669 1676 1734 bonis
1705 1668 2053 1755 spolientur,
2086 1667 2273 1753 gradu
2304 1667 2672 1754 dejiciantur,
2704 1674 2889 1737 morie
2915 1674 3268 1759 plectantur.

882 1756 1048 1823 Hinc
1105 1758 1338 1842 capitur
1391 1756 1635 1822 ferrum.
1723 1756 2003 1841 Regnum
2063 1754 2239 1833 bello,
2300 1756 2479 1835 caede,
2538 1756 2737 1837 famae,
2782 1760 3012 1846 flagrat,
3056 1762 3271 1843 uritur,

877 1844 1052 1931 perit.
1141 1844 1308 1909 Dum
1365 1843 1550 1929 aliqui
1608 1842 1816 1908 Iberni
1845 1865 1954 1929 pro
1985 1842 2119 1907 Reli
2166 1842 2315 1907 ‘onis
2356 1842 2701 1923 Catholicae,
2732 1848 2959 1932 suuque
2986 1846 3257 1913 libertate

877 1938 1098 2016 gerunt
1125 1953 1304 2010 arma,
1335 1930 1575 1996 interim
1603 1931 1836 1995 coeteris
1865 1930 2129 2015 magnati
2175 1951 2242 1994 us
2272 1935 2333 1995 et
2359 1930 2539 2015 regiis
2583 1931 2816 2017 oppidis
2845 1936 3271 2018 persecutionis

875 2018 1107 2084 vacatio
1164 2017 1339 2083 datur
1368 2017 1513 2083 dum
1539 2016 1831 2082 libertatis
1860 2022 2177 2099 assertores
2220 2016 2626 2082 conficiantur.
2719 2018 2957 2085 Horum
2988 2021 3273 2087 scelerum

875 2102 1720 2191 princepsElizabetharegina
1737 2104 2163 2168 nonimmerito
2184 2102 2302 2167 fuit
2330 2105 2962 2172 excommunicationis
2990 2130 3272 2173 mucrone

919 2214 1154 2257 ercussa
1181 2213 1218 2256 a
1245 2191 1356 2256 Pio
1373 2190 1452 2255 V.
1482 2190 1774 2255 Pontifice
1802 2190 2091 2254 Maximo.
2178 2188 2498 2275 Digniores
2528 2200 2856 2259 memoratu
2883 2216 2977 2260 res
3008 2218 3139 2281 quae
3170 2218 3275 2283 per

875 2214 1012 2343 filos
1069 2300 1258 2343 annos
1312 2278 1529 2363 viginti
1576 2299 1793 2342 novem
1821 2275 2172 2341 Elizabethfl.
2211 2284 2499 2362 regnante
2543 2286 2731 2365 gestae
2782 2288 2942 2361 sunt,
2989 2283 3101 2348 etsi
3151 2306 3273 2347 non

879 2387 1088 2431 omnes
1117 2371 1318 2430 tamen
1346 2364 1608 2429 maxima
1633 2370 1802 2451 parte
1830 2364 2319 2449 perstringemus,
3326 2366 3339 2385 '

1908 2880 2090 2947 CAP.
2137 2880 2231 2946 ΙΙ.

1167 3091 1436 3146 Jobannia
1460 3090 1740 3143 Traversii
1767 3088 2031 3141 Doctoris
2058 3085 2327 3159 Theologi
2354 3086 2581 3158 insignis
2605 3085 2954 3159 martyrium.

877 3253 1322 3319 Mnuommn
1363 3253 1455 3313 est
1483 3247 1645 3332 quod
1676 3246 1751 3310 de
1802 3246 1844 3310 J
1846 3246 2080 3309 ohanne
2126 3244 2436 3310 Traversio
2458 3244 2681 3310 Iberno
2712 3246 2904 3312 Sacrae
2932 3250 3269 3339 Theologiae

875 3339 1140 3405 Doctore
1166 3336 1399 3401 Alanus
1428 3334 1632 3419 Copus
1659 3340 1721 3398 et
1743 3332 1924 3397 Pater
1947 3330 2249 3397 Henricus
2277 3330 2716 3397 Dublinnensis
2744 3338 3043 3403 memoriae
3072 3342 3269 3425 prodi-

876 3427 1112 3504 derunt,
1143 3423 1250 3510 qui
1277 3424 1342 3487 in
1372 3420 1624 3485 Henrici
1652 3440 1730 3485 ne
1759 3442 1836 3485 an
1865 3420 1931 3483 in
1958 3417 2323 3484 Elizabethae
2372 3425 2643 3509 tempora
2668 3420 2963 3503 inciderit,
2996 3448 3109 3512 ego
3140 3427 3267 3513 qui-

871 3535 1010 3579 nem
1033 3512 1276 3577 minime
1305 3508 1449 3574 satis
1465 3512 1835 3594 compertum
1864 3506 2074 3571 habeo,
2122 3505 2189 3570 Is
2216 3506 2282 3569 in
2311 3505 2650 3591 Anglorum
2676 3507 2941 3575 haeresim
2976 3533 3111 3598 quae
3134 3514 3267 3579 dam

872 3600 1108 3685 scriptis
1128 3596 1454 3676 mandavit,
1477 3592 1698 3681 quibus
1713 3594 2024 3659 Pontificis
2043 3593 2295 3658 Maximi
2306 3593 2407 3678 jus
2430 3598 2491 3657 et
2520 3592 2939 3662 authoritatem
2968 3598 3267 3667 tuebatur.

875 3687 974 3753 Ob
1002 3686 1068 3753 id
1123 3686 1199 3751 ad
1251 3684 1483 3770 regium
1538 3680 1805 3747 tribunal
1833 3681 2181 3767 productae,
2202 3685 2263 3744 et
2292 3682 2363 3746 ea
2392 3679 2467 3745 de
2494 3702 2559 3745 re
2588 3704 2623 3745 a
2678 3682 2868 3748 ‘udice
2911 3688 3265 3771 postulatuS,

713 3814 854 3884 [32]
873 3775 1025 3840 nihil
1053 3770 1282 3859 trepide
1301 3767 1683 3923 respssndens,
1717 3768 1882 3921 Hibis
1901 3767 2183 3919 inguite}
2195 3767 2417 3853 digitis,
2451 3768 2643 3918 (ostetn
2688 3768 2826 3834 ebat
2853 3780 3053 3872 autem
3071 3776 3098 3859 ΙΙ
3129 3775 3265 3878 dex.

875 3869 1020 4015 {22⁸3
1045 3860 1282 4012 13:¹2²&
1294 3881 1456 4010 12¹3}st
1472 3877 1981 4009 ἰῖῖὲέἓωοέἒὲεὲ
2006 3877 2129 4041 ἐξα,
2147 3855 2589 4027 ὦῖωρὲέεὲᾓῐι
2604 3868 3071 4031 ῃὲοωξωῗὲἔῖί.
3096 3884 3265 4015 (Ἢ

874 4036 950 4102 de
977 4035 1158 4101 morti
1185 4032 1477 4110 addictus,
1506 4032 1661 4095 inter
1688 4037 1929 4095 caeteras
1950 4028 2343 4094 atrocissimas
2364 4050 2592 4113 poenaS,
2619 4050 2767 4115 quas
2798 4032 2980 4114 dedit,
3012 4037 3140 4101 e‘us
3166 4036 3267 4103 illa

876 4122 1159 4209 praeclara
1214 4141 1429 4185 manus
1457 4142 1496 4183 a
1540 4124 1764 4183 tortore
1805 4116 2065 4182 abscissa
2115 4121 2176 4180 et
2220 4116 2288 4180 in
2336 4116 2539 4199 ignem
2588 4119 2855 4205 conjecta
2898 4142 3033 4186 com
3074 4124 3267 4188 uritur

869 4216 1088 4297 praeter
1147 4208 1284 4273 illos
1371 4226 1568 4271 sacros
1627 4203 1849 4289 digitos
1904 4210 2047 4282 tres,
2088 4201 2308 4289 quibus
2356 4202 2459 4268 illa
2517 4204 2735 4291 scripta
2782 4210 3061 4289 exaravit,
3116 4232 3263 4297 quos

867 4298 1025 4383 ignis
1056 4294 1439 4383 quantumvis
1467 4298 1730 4357 structus
1759 4296 1821 4355 et
1850 4272 2557 4376 accensus⁸nequicquam
2588 4294 2789 4379 potuit
2818 4291 3195 4362 absumeres*

938 4509 962 4533 ⁶
998 4505 1244 4627 {gavera
1267 4498 1566 4570 according
1590 4505 1649 4552 to
1697 4496 1819 4551 Cox
1843 4512 1952 4549 was
1977 4491 2224 4567 engaged
2246 4493 2304 4547 in
2328 4468 2477 4549 arins
2502 4493 2633 4547 with
2653 4493 2827 4549 silken
2856 4498 3119 4565 Thomas,
3144 4520 3257 4574 p.p.

867 4580 994 4629 235-
1034 4580 1066 4627 4
1107 4612 1124 4627 .
