<?xml version="1.0" encoding="UTF-8"?>
<!DOCTYPE html PUBLIC "-//W3C//DTD XHTML 1.0 Transitional//EN"
    "http://www.w3.org/TR/xhtml1/DTD/xhtml1-transitional.dtd">
<html xmlns="http://www.w3.org/1999/xhtml" xml:lang="en" lang="en">
 <head>
  <title>
</title>
<meta http-equiv="Content-Type" content="text/html;charset=utf-8" />
  <meta name='ocr-system' content='tesseract 3.04.00' />
  <meta name='ocr-capabilities' content='ocr_page ocr_carea ocr_par ocr_line ocrx_word'/>
</head>
<body>
  <div class='ocr_page' id='page_1' title='image "./historicatholic00kellgoog_0050.png"; bbox 0 0 3634 5842; ppageno 0'>
   <div class='ocr_carea' id='block_1_1' title="bbox 903 749 3299 832">
    <p class='ocr_par' dir='ltr' id='par_1_1' title="bbox 903 749 3299 832">
     <span class='ocr_line' id='line_1_1' title="bbox 903 749 3299 832; baseline -0.003 -12"><span class='ocrx_word' id='word_1_1' title='bbox 903 759 984 820; x_wconf 77' lang='lat'><strong>14</strong></span> <span class='ocrx_word' id='word_1_2' title='bbox 1365 753 1774 819; x_wconf 74' lang='lat' dir='ltr'><strong>o&#39;suLuvm</strong></span> <span class='ocrx_word' id='word_1_3' title='bbox 1817 771 2133 817; x_wconf 73' lang='lat' dir='ltr'><strong>maroam.</strong></span> <span class='ocrx_word' id='word_1_4' title='bbox 2162 769 2552 828; x_wconf 62' lang='lat' dir='ltr'><strong>cunonem,</strong></span> <span class='ocrx_word' id='word_1_5' title='bbox 2580 767 2711 812; x_wconf 74' lang='lat' dir='ltr'><strong>‘rou</strong></span> <span class='ocrx_word' id='word_1_6' title='bbox 2756 767 2802 812; x_wconf 90' lang='lat'><strong>1.</strong></span> <span class='ocrx_word' id='word_1_7' title='bbox 3050 749 3207 832; x_wconf 80' lang='lat' dir='ltr'><strong>[ms.</strong></span> <span class='ocrx_word' id='word_1_8' title='bbox 3254 768 3299 812; x_wconf 91' lang='lat'><strong>1.</strong></span> 
     </span>
    </p>
   </div>
   <div class='ocr_carea' id='block_1_2' title="bbox 745 911 3303 1876">
    <p class='ocr_par' dir='ltr' id='par_1_2' title="bbox 745 911 3303 1876">
     <span class='ocr_line' id='line_1_2' title="bbox 903 911 3303 1008; baseline -0.004 -20"><span class='ocrx_word' id='word_1_9' title='bbox 903 922 1040 1003; x_wconf 89' lang='lat' dir='ltr'><strong>bus,</strong></span> <span class='ocrx_word' id='word_1_10' title='bbox 1090 921 1340 1008; x_wconf 88' lang='lat' dir='ltr'><strong>illasque</strong></span> <span class='ocrx_word' id='word_1_11' title='bbox 1396 919 1564 985; x_wconf 86' lang='lat' dir='ltr'><strong>brevi</strong></span> <span class='ocrx_word' id='word_1_12' title='bbox 1615 918 1836 985; x_wconf 80' lang='lat' dir='ltr'><strong>deletas</strong></span> <span class='ocrx_word' id='word_1_13' title='bbox 1866 917 1981 982; x_wconf 91' lang='lat' dir='ltr'><strong>hoc</strong></span> <span class='ocrx_word' id='word_1_14' title='bbox 2024 939 2174 984; x_wconf 87' lang='lat' dir='ltr'><strong>ausu</strong></span> <span class='ocrx_word' id='word_1_15' title='bbox 2224 914 2554 1002; x_wconf 87' lang='lat' dir='ltr'><strong>prohibere,</strong></span> <span class='ocrx_word' id='word_1_16' title='bbox 2595 913 2851 980; x_wconf 83' lang='lat' dir='ltr'><strong>maxime</strong></span> <span class='ocrx_word' id='word_1_17' title='bbox 2880 935 3017 978; x_wconf 90' lang='lat' dir='ltr'><strong>cum</strong></span> <span class='ocrx_word' id='word_1_18' title='bbox 3060 911 3303 979; x_wconf 89' lang='lat' dir='ltr'><strong>Ibernia</strong></span> 
     </span>
     <span class='ocr_line' id='line_1_3' title="bbox 905 1001 3299 1096; baseline -0.004 -22"><span class='ocrx_word' id='word_1_19' title='bbox 905 1009 1084 1096; x_wconf 83' lang='lat' dir='ltr'><strong>sylvis</strong></span> <span class='ocrx_word' id='word_1_20' title='bbox 1114 1016 1175 1074; x_wconf 88' lang='lat' dir='ltr'><strong>et</strong></span> <span class='ocrx_word' id='word_1_21' title='bbox 1203 1007 1734 1074; x_wconf 66' lang='lat' dir='ltr'><strong>con-struendarum</strong></span> <span class='ocrx_word' id='word_1_22' title='bbox 1765 1005 2005 1071; x_wconf 87' lang='lat' dir='ltr'><strong>navium</strong></span> <span class='ocrx_word' id='word_1_23' title='bbox 2036 1005 2298 1083; x_wconf 86' lang='lat' dir='ltr'><strong>materie,</strong></span> <span class='ocrx_word' id='word_1_24' title='bbox 2328 1001 2673 1068; x_wconf 88' lang='lat' dir='ltr'><strong>hominibus</strong></span> <span class='ocrx_word' id='word_1_25' title='bbox 2730 1001 2818 1065; x_wconf 91' lang='lat' dir='ltr'><strong>rei</strong></span> <span class='ocrx_word' id='word_1_26' title='bbox 2860 1001 3118 1066; x_wconf 84' lang='lat' dir='ltr'><strong>nauticae</strong></span> <span class='ocrx_word' id='word_1_27' title='bbox 3145 1001 3299 1088; x_wconf 90' lang='lat' dir='ltr'><strong>peri-</strong></span> 
     </span>
     <span class='ocr_line' id='line_1_4' title="bbox 745 1087 3303 1180; baseline -0.003 -22"><span class='ocrx_word' id='word_1_28' title='bbox 745 1108 884 1178; x_wconf 87' lang='grc' dir='ltr'>[ιι.]</span> <span class='ocrx_word' id='word_1_29' title='bbox 907 1097 983 1162; x_wconf 89' lang='lat' dir='ltr'><strong>tis</strong></span> <span class='ocrx_word' id='word_1_30' title='bbox 1011 1102 1073 1160; x_wconf 90' lang='lat' dir='ltr'><strong>et</strong></span> <span class='ocrx_word' id='word_1_31' title='bbox 1101 1095 1262 1160; x_wconf 89' lang='lat' dir='ltr'><strong>vario</strong></span> <span class='ocrx_word' id='word_1_32' title='bbox 1291 1116 1506 1180; x_wconf 83' lang='lat' dir='ltr'>genere</span> <span class='ocrx_word' id='word_1_33' title='bbox 1534 1101 1899 1159; x_wconf 81' lang='lat' dir='ltr'><strong>commeatus</strong></span> <span class='ocrx_word' id='word_1_34' title='bbox 1941 1090 2221 1158; x_wconf 80' lang='lat' dir='ltr'><strong>abundet.</strong></span> <span class='ocrx_word' id='word_1_35' title='bbox 2235 1095 2261 1176; x_wconf 82' lang='grc' dir='ltr'><strong>ΙΙ</strong></span> <span class='ocrx_word' id='word_1_36' title='bbox 2360 1089 2642 1176; x_wconf 74' lang='lat' dir='ltr'>Europaei</span> <span class='ocrx_word' id='word_1_37' title='bbox 2684 1109 2923 1174; x_wconf 90' lang='lat' dir='ltr'><strong>quoque</strong></span> <span class='ocrx_word' id='word_1_38' title='bbox 2941 1087 3166 1171; x_wconf 83' lang='lat' dir='ltr'><strong>piratoe,</strong></span> <span class='ocrx_word' id='word_1_39' title='bbox 3197 1088 3303 1171; x_wconf 90' lang='lat' dir='ltr'><strong>qui</strong></span> 
     </span>
     <span class='ocr_line' id='line_1_5' title="bbox 904 1173 3297 1270; baseline -0.004 -22"><span class='ocrx_word' id='word_1_40' title='bbox 904 1189 1222 1270; x_wconf 82' lang='lat' dir='ltr'><strong>postquam</strong></span> <span class='ocrx_word' id='word_1_41' title='bbox 1251 1182 1472 1248; x_wconf 80' lang='lat' dir='ltr'><strong>Africoe</strong></span> <span class='ocrx_word' id='word_1_42' title='bbox 1511 1189 1723 1268; x_wconf 88' lang='lat' dir='ltr'><strong>portus</strong></span> <span class='ocrx_word' id='word_1_43' title='bbox 1751 1181 2077 1245; x_wconf 87' lang='lat' dir='ltr'><strong>amiserunt</strong></span> <span class='ocrx_word' id='word_1_44' title='bbox 2104 1177 2404 1244; x_wconf 86' lang='lat' dir='ltr'><strong>Iberniam</strong></span> <span class='ocrx_word' id='word_1_45' title='bbox 2440 1177 2685 1242; x_wconf 89' lang='lat' dir='ltr'><strong>unicum</strong></span> <span class='ocrx_word' id='word_1_46' title='bbox 2713 1173 3151 1260; x_wconf 77' lang='lat' dir='ltr'><strong>receptaculum</strong></span> <span class='ocrx_word' id='word_1_47' title='bbox 3182 1175 3297 1239; x_wconf 88' lang='lat' dir='ltr'><strong>fre-</strong></span> 
     </span>
     <span class='ocr_line' id='line_1_6' title="bbox 906 1260 3294 1355; baseline -0.005 -20"><span class='ocrx_word' id='word_1_48' title='bbox 906 1277 1198 1355; x_wconf 90' lang='lat' dir='ltr'><strong>quentant</strong></span> <span class='ocrx_word' id='word_1_49' title='bbox 1246 1267 1324 1333; x_wconf 91' lang='lat' dir='ltr'><strong>ob</strong></span> <span class='ocrx_word' id='word_1_50' title='bbox 1355 1269 1613 1354; x_wconf 87' lang='lat' dir='ltr'><strong>optimos</strong></span> <span class='ocrx_word' id='word_1_51' title='bbox 1641 1273 1820 1352; x_wconf 87' lang='lat' dir='ltr'><strong>atque</strong></span> <span class='ocrx_word' id='word_1_52' title='bbox 1846 1266 2179 1332; x_wconf 90' lang='lat' dir='ltr'><strong>tutissimos</strong></span> <span class='ocrx_word' id='word_1_53' title='bbox 2206 1269 2415 1352; x_wconf 89' lang='lat' dir='ltr'><strong>portus</strong></span> <span class='ocrx_word' id='word_1_54' title='bbox 2454 1271 2516 1329; x_wconf 89' lang='lat' dir='ltr'><strong>et</strong></span> <span class='ocrx_word' id='word_1_55' title='bbox 2544 1260 3025 1328; x_wconf 78' lang='lat' dir='ltr'><strong>commoditatem</strong></span> <span class='ocrx_word' id='word_1_56' title='bbox 3054 1261 3294 1325; x_wconf 88' lang='lat' dir='ltr'><strong>interci-</strong></span> 
     </span>
     <span class='ocr_line' id='line_1_7' title="bbox 901 1346 3293 1442; baseline -0.004 -21"><span class='ocrx_word' id='word_1_57' title='bbox 901 1356 1109 1442; x_wconf 87' lang='lat' dir='ltr'><strong>piendi</strong></span> <span class='ocrx_word' id='word_1_58' title='bbox 1147 1361 1542 1422; x_wconf 87' lang='lat' dir='ltr'><strong>mercatorum</strong></span> <span class='ocrx_word' id='word_1_59' title='bbox 1580 1376 1780 1433; x_wconf 86' lang='lat' dir='ltr'><strong>naves,</strong></span> <span class='ocrx_word' id='word_1_60' title='bbox 1834 1353 1909 1418; x_wconf 91' lang='lat' dir='ltr'><strong>de</strong></span> <span class='ocrx_word' id='word_1_61' title='bbox 1944 1352 2141 1418; x_wconf 90' lang='lat' dir='ltr'><strong>medio</strong></span> <span class='ocrx_word' id='word_1_62' title='bbox 2200 1371 2444 1440; x_wconf 87' lang='lat' dir='ltr'><strong>prorsus</strong></span> <span class='ocrx_word' id='word_1_63' title='bbox 2515 1349 2887 1414; x_wconf 86' lang='lat' dir='ltr'><strong>tollerentur.</strong></span> <span class='ocrx_word' id='word_1_64' title='bbox 2999 1346 3293 1418; x_wconf 80' lang='lat' dir='ltr'><strong>Quinimo</strong></span> 
     </span>
     <span class='ocr_line' id='line_1_8' title="bbox 904 1434 3293 1528; baseline -0.004 -20"><span class='ocrx_word' id='word_1_65' title='bbox 904 1443 1106 1508; x_wconf 87' lang='lat' dir='ltr'><strong>Scotia</strong></span> <span class='ocrx_word' id='word_1_66' title='bbox 1148 1465 1282 1528; x_wconf 81' lang='lat' dir='ltr'><strong>quae</strong></span> <span class='ocrx_word' id='word_1_67' title='bbox 1311 1442 1455 1507; x_wconf 88' lang='lat' dir='ltr'><strong>satis</strong></span> <span class='ocrx_word' id='word_1_68' title='bbox 1483 1449 1740 1528; x_wconf 86' lang='lat' dir='ltr'><strong>angusto</strong></span> <span class='ocrx_word' id='word_1_69' title='bbox 1771 1441 1907 1505; x_wconf 89' lang='lat' dir='ltr'><strong>sinu</strong></span> <span class='ocrx_word' id='word_1_70' title='bbox 1937 1439 2012 1505; x_wconf 90' lang='lat' dir='ltr'><strong>ab</strong></span> <span class='ocrx_word' id='word_1_71' title='bbox 2044 1437 2287 1506; x_wconf 87' lang='lat' dir='ltr'><strong>Ibernia</strong></span> <span class='ocrx_word' id='word_1_72' title='bbox 2307 1437 2603 1504; x_wconf 80' lang='lat' dir='ltr'><strong>dirimitur</strong></span> <span class='ocrx_word' id='word_1_73' title='bbox 2648 1443 2711 1500; x_wconf 89' lang='lat' dir='ltr'><strong>et</strong></span> <span class='ocrx_word' id='word_1_74' title='bbox 2738 1434 2962 1519; x_wconf 87' lang='lat' dir='ltr'><strong>Anglia</strong></span> <span class='ocrx_word' id='word_1_75' title='bbox 2990 1456 3126 1518; x_wconf 82' lang='lat' dir='ltr'><strong>quae</strong></span> <span class='ocrx_word' id='word_1_76' title='bbox 3156 1456 3293 1499; x_wconf 89' lang='lat' dir='ltr'><strong>cum</strong></span> 
     </span>
     <span class='ocr_line' id='line_1_9' title="bbox 903 1519 3295 1614; baseline -0.005 -18"><span class='ocrx_word' id='word_1_77' title='bbox 903 1530 1106 1596; x_wconf 86' lang='lat' dir='ltr'><strong>Scotia</strong></span> <span class='ocrx_word' id='word_1_78' title='bbox 1135 1529 1475 1595; x_wconf 83' lang='lat' dir='ltr'><strong>continetur</strong></span> <span class='ocrx_word' id='word_1_79' title='bbox 1497 1549 1504 1556; x_wconf 83' lang='grc'><em>·</em></span> <span class='ocrx_word' id='word_1_80' title='bbox 1523 1528 1694 1596; x_wconf 88' lang='lat' dir='ltr'><strong>facile</strong></span> <span class='ocrx_word' id='word_1_81' title='bbox 1723 1533 1967 1614; x_wconf 76' lang='lat' dir='ltr'><strong>possent</strong></span> <span class='ocrx_word' id='word_1_82' title='bbox 1996 1549 2068 1593; x_wconf 85' lang='lat' dir='ltr'><strong>cx</strong></span> <span class='ocrx_word' id='word_1_83' title='bbox 2110 1525 2353 1592; x_wconf 78' lang='lat' dir='ltr'><strong>Ibernis</strong></span> <span class='ocrx_word' id='word_1_84' title='bbox 2371 1523 2676 1590; x_wconf 85' lang='lat' dir='ltr'><strong>debellari.</strong></span> <span class='ocrx_word' id='word_1_85' title='bbox 2762 1521 2902 1586; x_wconf 90' lang='lat' dir='ltr'><strong>Nec</strong></span> <span class='ocrx_word' id='word_1_86' title='bbox 2931 1521 3170 1586; x_wconf 85' lang='lat' dir='ltr'><strong>Batavii</strong></span> <span class='ocrx_word' id='word_1_87' title='bbox 3201 1519 3295 1585; x_wconf 87' lang='lat' dir='ltr'><strong>vel</strong></span> 
     </span>
     <span class='ocr_line' id='line_1_10' title="bbox 899 1607 3295 1702; baseline -0.005 -20"><span class='ocrx_word' id='word_1_88' title='bbox 899 1615 1212 1682; x_wconf 87' lang='lat' dir='ltr'><strong>Hollandii</strong></span> <span class='ocrx_word' id='word_1_89' title='bbox 1239 1623 1300 1681; x_wconf 91' lang='lat' dir='ltr'><strong>et</strong></span> <span class='ocrx_word' id='word_1_90' title='bbox 1327 1617 1432 1702; x_wconf 91' lang='lat' dir='ltr'><strong>qui</strong></span> <span class='ocrx_word' id='word_1_91' title='bbox 1459 1621 1603 1680; x_wconf 89' lang='lat' dir='ltr'><strong>sunt</strong></span> <span class='ocrx_word' id='word_1_92' title='bbox 1630 1615 1730 1680; x_wconf 87' lang='lat' dir='ltr'><strong>alii</strong></span> <span class='ocrx_word' id='word_1_93' title='bbox 1757 1612 2005 1680; x_wconf 81' lang='lat' dir='ltr'><strong>rebelles</strong></span> <span class='ocrx_word' id='word_1_94' title='bbox 2024 1613 2247 1698; x_wconf 71' lang='lat' dir='ltr'><strong>Belgae,</strong></span> <span class='ocrx_word' id='word_1_95' title='bbox 2280 1612 2517 1698; x_wconf 80' lang='lat' dir='ltr'><strong>Angliae</strong></span> <span class='ocrx_word' id='word_1_96' title='bbox 2545 1608 2777 1676; x_wconf 79' lang='lat' dir='ltr'><strong>auxiliis</strong></span> <span class='ocrx_word' id='word_1_97' title='bbox 2808 1615 2869 1673; x_wconf 88' lang='lat' dir='ltr'><strong>et</strong></span> <span class='ocrx_word' id='word_1_98' title='bbox 2899 1607 3133 1673; x_wconf 87' lang='lat' dir='ltr'><strong>coeteris</strong></span> <span class='ocrx_word' id='word_1_99' title='bbox 3162 1629 3295 1693; x_wconf 79' lang='lat' dir='ltr'><strong>quae</strong></span> 
     </span>
     <span class='ocr_line' id='line_1_11' title="bbox 973 1696 3293 1789; baseline -0.004 -20"><span class='ocrx_word' id='word_1_100' title='bbox 973 1727 1004 1769; x_wconf 89' lang='lat' dir='ltr'><strong>r</strong></span> <span class='ocrx_word' id='word_1_101' title='bbox 1031 1703 1358 1789; x_wconf 87' lang='lat' dir='ltr'><strong>Anglicum</strong></span> <span class='ocrx_word' id='word_1_102' title='bbox 1401 1703 1620 1768; x_wconf 85' lang='lat' dir='ltr'><strong>fretum</strong></span> <span class='ocrx_word' id='word_1_103' title='bbox 1668 1703 2068 1787; x_wconf 85' lang='lat' dir='ltr'><strong>importantur</strong></span> <span class='ocrx_word' id='word_1_104' title='bbox 2114 1701 2406 1778; x_wconf 90' lang='lat' dir='ltr'><strong>destituti,</strong></span> <span class='ocrx_word' id='word_1_105' title='bbox 2438 1698 2667 1764; x_wconf 87' lang='lat' dir='ltr'><strong>diutius</strong></span> <span class='ocrx_word' id='word_1_106' title='bbox 2713 1696 2989 1760; x_wconf 89' lang='lat' dir='ltr'><strong>resistere</strong></span> <span class='ocrx_word' id='word_1_107' title='bbox 3046 1702 3108 1759; x_wconf 89' lang='lat' dir='ltr'><strong>et</strong></span> <span class='ocrx_word' id='word_1_108' title='bbox 3156 1717 3293 1760; x_wconf 81' lang='lat' dir='ltr'><strong>suas</strong></span> 
     </span>
     <span class='ocr_line' id='line_1_12' title="bbox 938 1781 3292 1876; baseline -0.005 -20"><span class='ocrx_word' id='word_1_109' title='bbox 938 1813 1150 1856; x_wconf 85' lang='lat' dir='ltr'><strong>oereses</strong></span> <span class='ocrx_word' id='word_1_110' title='bbox 1209 1789 1520 1856; x_wconf 81' lang='lat' dir='ltr'><strong>defendere</strong></span> <span class='ocrx_word' id='word_1_111' title='bbox 1575 1794 1837 1876; x_wconf 87' lang='lat' dir='ltr'><strong>possent.</strong></span> <span class='ocrx_word' id='word_1_112' title='bbox 1927 1787 2028 1854; x_wconf 88' lang='lat' dir='ltr'><strong>Ita</strong></span> <span class='ocrx_word' id='word_1_113' title='bbox 2047 1794 2176 1853; x_wconf 88' lang='lat' dir='ltr'><strong>tota</strong></span> <span class='ocrx_word' id='word_1_114' title='bbox 2200 1787 2445 1873; x_wconf 85' lang='lat' dir='ltr'><strong>Europa</strong></span> <span class='ocrx_word' id='word_1_115' title='bbox 2478 1781 2789 1851; x_wconf 86' lang='lat' dir='ltr'><strong>Catholica</strong></span> <span class='ocrx_word' id='word_1_116' title='bbox 2816 1781 3105 1867; x_wconf 84' lang='lat' dir='ltr'><strong>religione</strong></span> <span class='ocrx_word' id='word_1_117' title='bbox 3134 1787 3292 1846; x_wconf 84' lang='lat' dir='ltr'><strong>tran·</strong></span> 
     </span>
    </p>
   </div>
   <div class='ocr_carea' id='block_1_3' title="bbox 897 1876 1951 1964">
    <p class='ocr_par' dir='ltr' id='par_1_3' title="bbox 897 1876 1951 1964">
     <span class='ocr_line' id='line_1_13' title="bbox 897 1876 1951 1964; baseline -0.004 -21"><span class='ocrx_word' id='word_1_118' title='bbox 897 1878 1082 1964; x_wconf 90' lang='lat' dir='ltr'><strong>quilla</strong></span> <span class='ocrx_word' id='word_1_119' title='bbox 1109 1885 1171 1943; x_wconf 88' lang='lat' dir='ltr'><strong>et</strong></span> <span class='ocrx_word' id='word_1_120' title='bbox 1197 1877 1613 1943; x_wconf 87' lang='lat' dir='ltr'><strong>florentissima</strong></span> <span class='ocrx_word' id='word_1_121' title='bbox 1639 1876 1951 1942; x_wconf 81' lang='lat' dir='ltr'><strong>frueretur.</strong></span> 
     </span>
    </p>
   </div>
   <div class='ocr_carea' id='block_1_4' title="bbox 1886 2337 2305 2406">
    <p class='ocr_par' dir='ltr' id='par_1_4' title="bbox 1886 2337 2305 2406">
     <span class='ocr_line' id='line_1_14' title="bbox 1886 2337 2305 2406; baseline 0 0"><span class='ocrx_word' id='word_1_122' title='bbox 1886 2339 2066 2406; x_wconf 82' lang='lat' dir='ltr'>CAP.</span> <span class='ocrx_word' id='word_1_123' title='bbox 2113 2337 2305 2406; x_wconf 87' lang='lat' dir='ltr'>VIII.</span> 
     </span>
    </p>
   </div>
   <div class='ocr_carea' id='block_1_5' title="bbox 1799 2505 2450 2562">
    <p class='ocr_par' dir='ltr' id='par_1_5' title="bbox 1799 2505 2450 2562">
     <span class='ocr_line' id='line_1_15' title="bbox 1799 2505 2450 2562; baseline 0 -2"><span class='ocrx_word' id='word_1_124' title='bbox 1799 2505 1889 2560; x_wconf 88' lang='lat' dir='ltr'><strong>De</strong></span> <span class='ocrx_word' id='word_1_125' title='bbox 1916 2505 2145 2562; x_wconf 83' lang='lat' dir='ltr'><strong>Iberniae</strong></span> <span class='ocrx_word' id='word_1_126' title='bbox 2163 2505 2450 2561; x_wconf 80' lang='lat' dir='ltr'><strong>mirandis.</strong></span> 
     </span>
    </p>
   </div>
   <div class='ocr_carea' id='block_1_6' title="bbox 887 2645 3285 4906">
    <p class='ocr_par' dir='ltr' id='par_1_6' title="bbox 887 2645 3285 4906">
     <span class='ocr_line' id='line_1_16' title="bbox 895 2645 3283 2736; baseline -0.001 -20"><span class='ocrx_word' id='word_1_127' title='bbox 895 2649 990 2716; x_wconf 83' lang='lat' dir='ltr'><strong>Ex</strong></span> <span class='ocrx_word' id='word_1_128' title='bbox 1041 2648 1301 2716; x_wconf 81' lang='lat' dir='ltr'><strong>Ibernioe</strong></span> <span class='ocrx_word' id='word_1_129' title='bbox 1329 2646 1614 2714; x_wconf 88' lang='lat' dir='ltr'><strong>mirandis</strong></span> <span class='ocrx_word' id='word_1_130' title='bbox 1643 2645 1821 2712; x_wconf 89' lang='lat' dir='ltr'><strong>rebus</strong></span> <span class='ocrx_word' id='word_1_131' title='bbox 1867 2645 1965 2711; x_wconf 87' lang='lat' dir='ltr'><strong>hie</strong></span> <span class='ocrx_word' id='word_1_132' title='bbox 2007 2667 2227 2732; x_wconf 90' lang='lat' dir='ltr'><strong>paucas</strong></span> <span class='ocrx_word' id='word_1_133' title='bbox 2270 2645 2507 2710; x_wconf 86' lang='lat' dir='ltr'><strong>silentio</strong></span> <span class='ocrx_word' id='word_1_134' title='bbox 2536 2649 2837 2732; x_wconf 79' lang='lat' dir='ltr'><strong>praeterire</strong></span> <span class='ocrx_word' id='word_1_135' title='bbox 2882 2671 3007 2714; x_wconf 90' lang='lat' dir='ltr'><strong>non</strong></span> <span class='ocrx_word' id='word_1_136' title='bbox 3056 2649 3283 2736; x_wconf 86' lang='lat' dir='ltr'><strong>putavi.</strong></span> 
     </span>
     <span class='ocr_line' id='line_1_17' title="bbox 893 2731 3281 2822; baseline -0 -20"><span class='ocrx_word' id='word_1_137' title='bbox 893 2737 1198 2822; x_wconf 88' lang='lat' dir='ltr'><strong>Imprimis</strong></span> <span class='ocrx_word' id='word_1_138' title='bbox 1242 2735 1348 2802; x_wconf 88' lang='lat' dir='ltr'><strong>illa</strong></span> <span class='ocrx_word' id='word_1_139' title='bbox 1395 2734 1708 2821; x_wconf 87' lang='lat' dir='ltr'><strong>magnifica</strong></span> <span class='ocrx_word' id='word_1_140' title='bbox 1753 2732 1931 2798; x_wconf 88' lang='lat' dir='ltr'><strong>laude</strong></span> <span class='ocrx_word' id='word_1_141' title='bbox 1973 2741 2064 2797; x_wconf 89' lang='lat' dir='ltr'><strong>est</strong></span> <span class='ocrx_word' id='word_1_142' title='bbox 2090 2732 2289 2797; x_wconf 88' lang='lat' dir='ltr'><strong>insula</strong></span> <span class='ocrx_word' id='word_1_143' title='bbox 2314 2731 2708 2820; x_wconf 78' lang='lat' dir='ltr'><strong>praedicanda,</strong></span> <span class='ocrx_word' id='word_1_144' title='bbox 2739 2757 2872 2820; x_wconf 80' lang='lat' dir='ltr'><strong>quae</strong></span> <span class='ocrx_word' id='word_1_145' title='bbox 2900 2735 3135 2801; x_wconf 91' lang='lat' dir='ltr'><strong>nullum</strong></span> <span class='ocrx_word' id='word_1_146' title='bbox 3164 2759 3281 2801; x_wconf 88' lang='lat' dir='ltr'><strong>ser·</strong></span> 
     </span>
     <span class='ocr_line' id='line_1_18' title="bbox 892 2819 3284 2973; baseline -0 -85"><span class='ocrx_word' id='word_1_147' title='bbox 892 2831 1150 2912; x_wconf 90' lang='lat' dir='ltr'><strong>pentem,</strong></span> <span class='ocrx_word' id='word_1_148' title='bbox 1181 2823 1415 2888; x_wconf 91' lang='lat' dir='ltr'><strong>nullum</strong></span> <span class='ocrx_word' id='word_1_149' title='bbox 1459 2827 1819 2887; x_wconf 86' lang='lat' dir='ltr'><strong>venenatum</strong></span> <span class='ocrx_word' id='word_1_150' title='bbox 1868 2820 2138 2885; x_wconf 86' lang='lat' dir='ltr'><strong>animans</strong></span> <span class='ocrx_word' id='word_1_151' title='bbox 2178 2819 2503 2905; x_wconf 82' lang='lat' dir='ltr'><strong>progignit,</strong></span> <span class='ocrx_word' id='word_1_152' title='bbox 2534 2826 2595 2886; x_wconf 88' lang='lat' dir='ltr'><strong>et</strong></span> <span class='ocrx_word' id='word_1_153' title='bbox 2622 2823 2942 2973; x_wconf 70' lang='lat' dir='ltr'><strong>imuportata</strong></span> <span class='ocrx_word' id='word_1_154' title='bbox 2990 2845 3284 2889; x_wconf 88' lang='lat' dir='ltr'><strong>venenosa</strong></span> 
     </span>
     <span class='ocr_line' id='line_1_19' title="bbox 894 2906 3285 2995; baseline -0.001 -18"><span class='ocrx_word' id='word_1_155' title='bbox 894 2911 1156 2977; x_wconf 81' lang='lat' dir='ltr'><strong>viventia</strong></span> <span class='ocrx_word' id='word_1_156' title='bbox 1183 2911 1244 2976; x_wconf 90' lang='lat' dir='ltr'><strong>vi</strong></span> <span class='ocrx_word' id='word_1_157' title='bbox 1271 2910 1526 2995; x_wconf 88' lang='lat' dir='ltr'><strong>quadam</strong></span> <span class='ocrx_word' id='word_1_158' title='bbox 1547 2906 1771 2974; x_wconf 84' lang='lat' dir='ltr'><strong>salubri</strong></span> <span class='ocrx_word' id='word_1_159' title='bbox 1799 2912 1862 2972; x_wconf 91' lang='lat' dir='ltr'><strong>et</strong></span> <span class='ocrx_word' id='word_1_160' title='bbox 1892 2907 2142 2986; x_wconf 87' lang='lat' dir='ltr'><strong>occulta,</strong></span> <span class='ocrx_word' id='word_1_161' title='bbox 2174 2906 2297 2972; x_wconf 86' lang='lat' dir='ltr'><strong>vita</strong></span> <span class='ocrx_word' id='word_1_162' title='bbox 2326 2907 2537 2992; x_wconf 85' lang='lat' dir='ltr'><strong>privat.</strong></span> <span class='ocrx_word' id='word_1_163' title='bbox 2626 2907 2679 2973; x_wconf 93' lang='lat' dir='ltr'>P</span> <span class='ocrx_word' id='word_1_164' title='bbox 2747 2931 2881 2974; x_wconf 89' lang='lat' dir='ltr'><strong>vere</strong></span> <span class='ocrx_word' id='word_1_165' title='bbox 2910 2910 3088 2975; x_wconf 89' lang='lat' dir='ltr'><strong>etiam</strong></span> <span class='ocrx_word' id='word_1_166' title='bbox 3115 2909 3285 2975; x_wconf 89' lang='lat' dir='ltr'><strong>Iber-</strong></span> 
     </span>
     <span class='ocr_line' id='line_1_20' title="bbox 893 2993 3283 3084; baseline -0.001 -20"><span class='ocrx_word' id='word_1_167' title='bbox 893 2999 1052 3079; x_wconf 80' lang='lat' dir='ltr'><strong>nicO,</strong></span> <span class='ocrx_word' id='word_1_168' title='bbox 1081 2997 1267 3084; x_wconf 88' lang='lat' dir='ltr'><strong>ligno,</strong></span> <span class='ocrx_word' id='word_1_169' title='bbox 1297 2996 1644 3081; x_wconf 88' lang='lat' dir='ltr'><strong>coeterisque</strong></span> <span class='ocrx_word' id='word_1_170' title='bbox 1694 2993 1874 3060; x_wconf 90' lang='lat' dir='ltr'><strong>rebus</strong></span> <span class='ocrx_word' id='word_1_171' title='bbox 1920 2994 2082 3060; x_wconf 90' lang='lat' dir='ltr'><strong>illico</strong></span> <span class='ocrx_word' id='word_1_172' title='bbox 2131 2993 2328 3057; x_wconf 81' lang='lat' dir='ltr'><strong>virosa</strong></span> <span class='ocrx_word' id='word_1_173' title='bbox 2370 2994 2643 3079; x_wconf 82' lang='lat' dir='ltr'><strong>extingui</strong></span> <span class='ocrx_word' id='word_1_174' title='bbox 2672 3001 2763 3060; x_wconf 87' lang='lat' dir='ltr'><strong>est</strong></span> <span class='ocrx_word' id='word_1_175' title='bbox 2804 2997 3104 3062; x_wconf 65' lang='lat' dir='ltr'><strong>memoriae</strong></span> <span class='ocrx_word' id='word_1_176' title='bbox 3147 3019 3283 3083; x_wconf 89' lang='lat' dir='ltr'><strong>pro·</strong></span> 
     </span>
     <span class='ocr_line' id='line_1_21' title="bbox 895 3080 3283 3169; baseline 0 -20"><span class='ocrx_word' id='word_1_177' title='bbox 895 3085 1110 3150; x_wconf 87' lang='lat' dir='ltr'><strong>ditum.</strong></span> <span class='ocrx_word' id='word_1_178' title='bbox 1195 3081 1403 3149; x_wconf 90' lang='lat' dir='ltr'><strong>Iberni</strong></span> <span class='ocrx_word' id='word_1_179' title='bbox 1471 3103 1717 3168; x_wconf 86' lang='lat' dir='ltr'><strong>peregre</strong></span> <span class='ocrx_word' id='word_1_180' title='bbox 1764 3080 2036 3166; x_wconf 83' lang='lat' dir='ltr'><strong>profecti,</strong></span> <span class='ocrx_word' id='word_1_181' title='bbox 2109 3101 2249 3144; x_wconf 90' lang='lat' dir='ltr'><strong>cum</strong></span> <span class='ocrx_word' id='word_1_182' title='bbox 2298 3081 2497 3145; x_wconf 86' lang='lat' dir='ltr'><strong>evenit</strong></span> <span class='ocrx_word' id='word_1_183' title='bbox 2564 3088 2640 3147; x_wconf 89' lang='lat' dir='ltr'><strong>ut</strong></span> <span class='ocrx_word' id='word_1_184' title='bbox 2692 3083 2851 3147; x_wconf 88' lang='lat' dir='ltr'><strong>inter</strong></span> <span class='ocrx_word' id='word_1_185' title='bbox 2920 3105 3146 3169; x_wconf 89' lang='lat' dir='ltr'><strong>angues</strong></span> <span class='ocrx_word' id='word_1_186' title='bbox 3218 3084 3283 3148; x_wconf 89' lang='lat' dir='ltr'><strong>in</strong></span> 
     </span>
     <span class='ocr_line' id='line_1_22' title="bbox 895 3167 3283 3257; baseline 0 -21"><span class='ocrx_word' id='word_1_187' title='bbox 895 3170 1220 3236; x_wconf 85' lang='lat' dir='ltr'><strong>solitudine</strong></span> <span class='ocrx_word' id='word_1_188' title='bbox 1249 3169 1468 3235; x_wconf 87' lang='lat' dir='ltr'><strong>deserti</strong></span> <span class='ocrx_word' id='word_1_189' title='bbox 1495 3175 1655 3233; x_wconf 89' lang='lat' dir='ltr'><strong>tecto</strong></span> <span class='ocrx_word' id='word_1_190' title='bbox 1683 3189 1806 3232; x_wconf 89' lang='lat' dir='ltr'><strong>non</strong></span> <span class='ocrx_word' id='word_1_191' title='bbox 1834 3170 2245 3252; x_wconf 82' lang='lat' dir='ltr'><strong>protegantur,</strong></span> <span class='ocrx_word' id='word_1_192' title='bbox 2276 3167 2327 3230; x_wconf 90' lang='lat' dir='ltr'><strong>si</strong></span> <span class='ocrx_word' id='word_1_193' title='bbox 2356 3168 2509 3232; x_wconf 83' lang='lat' dir='ltr'><strong>forte</strong></span> <span class='ocrx_word' id='word_1_194' title='bbox 2538 3191 2611 3232; x_wconf 85' lang='lat' dir='ltr'><strong>ex</strong></span> <span class='ocrx_word' id='word_1_195' title='bbox 2640 3168 2883 3235; x_wconf 76' lang='lat' dir='ltr'><strong>Ibernis</strong></span> <span class='ocrx_word' id='word_1_196' title='bbox 2924 3171 3161 3257; x_wconf 87' lang='lat' dir='ltr'><strong>stipites</strong></span> <span class='ocrx_word' id='word_1_197' title='bbox 3188 3169 3283 3236; x_wconf 84' lang='lat' dir='ltr'><strong>vel</strong></span> 
     </span>
     <span class='ocr_line' id='line_1_23' title="bbox 892 3252 3283 3341; baseline -0 -18"><span class='ocrx_word' id='word_1_198' title='bbox 892 3257 1136 3323; x_wconf 88' lang='lat' dir='ltr'><strong>baculos</strong></span> <span class='ocrx_word' id='word_1_199' title='bbox 1184 3262 1412 3341; x_wconf 84' lang='lat' dir='ltr'><strong>gerant,</strong></span> <span class='ocrx_word' id='word_1_200' title='bbox 1465 3253 1684 3340; x_wconf 88' lang='lat' dir='ltr'><strong>quibus</strong></span> <span class='ocrx_word' id='word_1_201' title='bbox 1731 3252 1984 3319; x_wconf 89' lang='lat' dir='ltr'><strong>circulos</strong></span> <span class='ocrx_word' id='word_1_202' title='bbox 2032 3252 2535 3333; x_wconf 86' lang='lat' dir='ltr'><strong>circumscribant,</strong></span> <span class='ocrx_word' id='word_1_203' title='bbox 2585 3256 2743 3320; x_wconf 91' lang='lat' dir='ltr'><strong>intra</strong></span> <span class='ocrx_word' id='word_1_204' title='bbox 2790 3279 2891 3321; x_wconf 86' lang='lat' dir='ltr'><strong>eos</strong></span> <span class='ocrx_word' id='word_1_205' title='bbox 2937 3257 3109 3322; x_wconf 87' lang='lat' dir='ltr'><strong>orbes</strong></span> <span class='ocrx_word' id='word_1_206' title='bbox 3158 3279 3283 3322; x_wconf 92' lang='lat' dir='ltr'><strong>non</strong></span> 
     </span>
     <span class='ocr_line' id='line_1_24' title="bbox 893 3341 3281 3429; baseline 0 -21"><span class='ocrx_word' id='word_1_207' title='bbox 893 3345 1094 3408; x_wconf 86' lang='lat' dir='ltr'><strong>minus</strong></span> <span class='ocrx_word' id='word_1_208' title='bbox 1122 3349 1277 3423; x_wconf 88' lang='lat' dir='ltr'><strong>tuto,</strong></span> <span class='ocrx_word' id='word_1_209' title='bbox 1309 3363 1484 3427; x_wconf 88' lang='lat' dir='ltr'><strong>quam</strong></span> <span class='ocrx_word' id='word_1_210' title='bbox 1513 3343 1673 3406; x_wconf 90' lang='lat' dir='ltr'><strong>intra</strong></span> <span class='ocrx_word' id='word_1_211' title='bbox 1699 3341 1949 3406; x_wconf 81' lang='lat' dir='ltr'><strong>munitae</strong></span> <span class='ocrx_word' id='word_1_212' title='bbox 1971 3341 2119 3406; x_wconf 87' lang='lat' dir='ltr'><strong>arcis</strong></span> <span class='ocrx_word' id='word_1_213' title='bbox 2148 3341 2362 3404; x_wconf 77' lang='lat' dir='ltr'><strong>maenia</strong></span> <span class='ocrx_word' id='word_1_214' title='bbox 2384 3363 2448 3404; x_wconf 90' lang='lat' dir='ltr'><strong>se</strong></span> <span class='ocrx_word' id='word_1_215' title='bbox 2470 3341 2727 3408; x_wconf 89' lang='lat' dir='ltr'><strong>dormire</strong></span> <span class='ocrx_word' id='word_1_216' title='bbox 2764 3365 2941 3429; x_wconf 87' lang='lat' dir='ltr'><strong>posse</strong></span> <span class='ocrx_word' id='word_1_217' title='bbox 2994 3343 3281 3408; x_wconf 84' lang='lat' dir='ltr'><strong>credunt:</strong></span> 
     </span>
     <span class='ocr_line' id='line_1_25' title="bbox 892 3425 3283 3517; baseline -0 -22"><span class='ocrx_word' id='word_1_218' title='bbox 892 3430 960 3496; x_wconf 90' lang='lat' dir='ltr'><strong>in</strong></span> <span class='ocrx_word' id='word_1_219' title='bbox 989 3431 1235 3517; x_wconf 87' lang='lat' dir='ltr'><strong>ipsaque</strong></span> <span class='ocrx_word' id='word_1_220' title='bbox 1263 3427 1468 3494; x_wconf 88' lang='lat' dir='ltr'><strong>circuli</strong></span> <span class='ocrx_word' id='word_1_221' title='bbox 1512 3427 1670 3493; x_wconf 87' lang='lat' dir='ltr'><strong>linea</strong></span> <span class='ocrx_word' id='word_1_222' title='bbox 1695 3426 1794 3493; x_wconf 81' lang='lat' dir='ltr'><strong>vel</strong></span> <span class='ocrx_word' id='word_1_223' title='bbox 1821 3427 2294 3493; x_wconf 79' lang='lat' dir='ltr'><strong>circumferentia</strong></span> <span class='ocrx_word' id='word_1_224' title='bbox 2338 3425 2616 3494; x_wconf 76' lang='lat' dir='ltr'><strong>Iber-nico</strong></span> <span class='ocrx_word' id='word_1_225' title='bbox 2659 3428 2831 3514; x_wconf 90' lang='lat' dir='ltr'><strong>ligno</strong></span> <span class='ocrx_word' id='word_1_226' title='bbox 2862 3429 3157 3517; x_wconf 87' lang='lat' dir='ltr'><strong>descripta</strong></span> <span class='ocrx_word' id='word_1_227' title='bbox 3184 3453 3283 3494; x_wconf 84' lang='lat' dir='ltr'><strong>ex·-</strong></span> 
     </span>
     <span class='ocr_line' id='line_1_26' title="bbox 893 3511 3283 3602; baseline -0 -19"><span class='ocrx_word' id='word_1_228' title='bbox 893 3517 1117 3583; x_wconf 88' lang='lat' dir='ltr'><strong>animes</strong></span> <span class='ocrx_word' id='word_1_229' title='bbox 1145 3537 1314 3602; x_wconf 83' lang='lat' dir='ltr'><strong>sepes</strong></span> <span class='ocrx_word' id='word_1_230' title='bbox 1341 3515 1523 3580; x_wconf 86' lang='lat' dir='ltr'><strong>fuisse</strong></span> <span class='ocrx_word' id='word_1_231' title='bbox 1551 3521 1817 3601; x_wconf 87' lang='lat' dir='ltr'><strong>repertos</strong></span> <span class='ocrx_word' id='word_1_232' title='bbox 1854 3514 2073 3601; x_wconf 85' lang='lat' dir='ltr'><strong>accepi.</strong></span> <span class='ocrx_word' id='word_1_233' title='bbox 2163 3511 2281 3578; x_wconf 87' lang='lat' dir='ltr'><strong>Sed</strong></span> <span class='ocrx_word' id='word_1_234' title='bbox 2302 3519 2363 3578; x_wconf 90' lang='lat' dir='ltr'><strong>et</strong></span> <span class='ocrx_word' id='word_1_235' title='bbox 2389 3514 2557 3579; x_wconf 90' lang='lat' dir='ltr'><strong>nullo</strong></span> <span class='ocrx_word' id='word_1_236' title='bbox 2578 3517 2909 3582; x_wconf 88' lang='lat' dir='ltr'><strong>munimine</strong></span> <span class='ocrx_word' id='word_1_237' title='bbox 2930 3517 3283 3582; x_wconf 86' lang='lat' dir='ltr'><strong>defendente</strong></span> 
     </span>
     <span class='ocr_line' id='line_1_27' title="bbox 891 3600 3279 3689; baseline -0.001 -19"><span class='ocrx_word' id='word_1_238' title='bbox 891 3603 1128 3670; x_wconf 89' lang='lat' dir='ltr'><strong>Ibernis</strong></span> <span class='ocrx_word' id='word_1_239' title='bbox 1137 3604 1367 3689; x_wconf 82' lang='lat' dir='ltr'><strong>viperas</strong></span> <span class='ocrx_word' id='word_1_240' title='bbox 1383 3602 1626 3667; x_wconf 90' lang='lat' dir='ltr'><strong>minime</strong></span> <span class='ocrx_word' id='word_1_241' title='bbox 1635 3623 1806 3688; x_wconf 89' lang='lat' dir='ltr'><strong>posse</strong></span> <span class='ocrx_word' id='word_1_242' title='bbox 1814 3623 2043 3667; x_wconf 81' lang='lat' dir='ltr'><strong>veneno</strong></span> <span class='ocrx_word' id='word_1_243' title='bbox 2061 3600 2291 3666; x_wconf 89' lang='lat' dir='ltr'><strong>officere</strong></span> <span class='ocrx_word' id='word_1_244' title='bbox 2308 3600 2578 3666; x_wconf 84' lang='lat' dir='ltr'><strong>traditur.</strong></span> <span class='ocrx_word' id='word_1_245' title='bbox 2604 3602 2880 3670; x_wconf 89' lang='lat' dir='ltr'><strong>Idhabeo</strong></span> <span class='ocrx_word' id='word_1_246' title='bbox 2890 3627 3019 3669; x_wconf 89' lang='lat' dir='ltr'><strong>com</strong></span> <span class='ocrx_word' id='word_1_247' title='bbox 3066 3611 3279 3682; x_wconf 88' lang='lat' dir='ltr'><strong>ertum,</strong></span> 
     </span>
     <span class='ocr_line' id='line_1_28' title="bbox 889 3687 3280 3778; baseline 0 -22"><span class='ocrx_word' id='word_1_248' title='bbox 889 3690 1230 3778; x_wconf 83' lang='lat' dir='ltr'><strong>Burdigalae</strong></span> <span class='ocrx_word' id='word_1_249' title='bbox 1256 3691 1323 3756; x_wconf 89' lang='lat' dir='ltr'><strong>in</strong></span> <span class='ocrx_word' id='word_1_250' title='bbox 1350 3689 1707 3755; x_wconf 90' lang='lat' dir='ltr'><strong>Ibernorum</strong></span> <span class='ocrx_word' id='word_1_251' title='bbox 1737 3689 2068 3767; x_wconf 88' lang='lat' dir='ltr'><strong>seminario,</strong></span> <span class='ocrx_word' id='word_1_252' title='bbox 2096 3692 2359 3772; x_wconf 82' lang='lat' dir='ltr'><strong>viperam</strong></span> <span class='ocrx_word' id='word_1_253' title='bbox 2388 3687 2571 3754; x_wconf 89' lang='lat' dir='ltr'><strong>fuisse</strong></span> <span class='ocrx_word' id='word_1_254' title='bbox 2600 3689 2882 3757; x_wconf 88' lang='lat' dir='ltr'><strong>calcatam</strong></span> <span class='ocrx_word' id='word_1_255' title='bbox 2910 3698 2973 3756; x_wconf 90' lang='lat' dir='ltr'><strong>et</strong></span> <span class='ocrx_word' id='word_1_256' title='bbox 3000 3715 3037 3756; x_wconf 92' lang='lat' dir='ltr'><strong>o</strong></span> <span class='ocrx_word' id='word_1_257' title='bbox 3080 3691 3280 3756; x_wconf 85' lang='lat' dir='ltr'><strong>tritam</strong></span> 
     </span>
     <span class='ocr_line' id='line_1_29' title="bbox 889 3773 3279 3864; baseline -0.001 -20"><span class='ocrx_word' id='word_1_258' title='bbox 889 3777 1069 3844; x_wconf 89' lang='lat' dir='ltr'><strong>nudis</strong></span> <span class='ocrx_word' id='word_1_259' title='bbox 1173 3776 1348 3843; x_wconf 88' lang='lat' dir='ltr'><strong>dibus</strong></span> <span class='ocrx_word' id='word_1_260' title='bbox 1377 3800 1413 3843; x_wconf 88' lang='lat' dir='ltr'><strong>a</strong></span> <span class='ocrx_word' id='word_1_261' title='bbox 1439 3799 1626 3864; x_wconf 89' lang='lat' dir='ltr'><strong>puero</strong></span> <span class='ocrx_word' id='word_1_262' title='bbox 1675 3774 1917 3855; x_wconf 89' lang='lat' dir='ltr'><strong>Ibern0,</strong></span> <span class='ocrx_word' id='word_1_263' title='bbox 1998 3776 2063 3840; x_wconf 92' lang='lat' dir='ltr'><strong>ui</strong></span> <span class='ocrx_word' id='word_1_264' title='bbox 2112 3797 2183 3840; x_wconf 87' lang='lat' dir='ltr'><strong>ex</strong></span> <span class='ocrx_word' id='word_1_265' title='bbox 2228 3773 2472 3840; x_wconf 80' lang='lat' dir='ltr'><strong>Ibernis</strong></span> <span class='ocrx_word' id='word_1_266' title='bbox 2518 3797 2723 3842; x_wconf 89' lang='lat' dir='ltr'><strong>recens</strong></span> <span class='ocrx_word' id='word_1_267' title='bbox 2771 3778 3072 3864; x_wconf 90' lang='lat' dir='ltr'><strong>profectus</strong></span> <span class='ocrx_word' id='word_1_268' title='bbox 3116 3777 3279 3843; x_wconf 87' lang='lat' dir='ltr'><strong>illam</strong></span> 
     </span>
     <span class='ocr_line' id='line_1_30' title="bbox 889 3797 3281 4018; baseline 0 -2"><span class='ocrx_word' id='word_1_269' title='bbox 889 3797 3053 4018; x_wconf 43' lang='lat' dir='ltr'><strong>{arsztfssssffifffffflzerffiin⁰0ss5ssss3²5n2⁰3b²¹22¹zzisse‘¹235ssssss</strong></span> <span class='ocrx_word' id='word_1_270' title='bbox 3074 3872 3281 4017; x_wconf 53' lang='lat' dir='ltr'><strong>3²53?ss</strong></span> 
     </span>
     <span class='ocr_line' id='line_1_31' title="bbox 3258 4001 3277 4030; baseline 0 0"><span class='ocrx_word' id='word_1_271' title='bbox 3258 4001 3277 4030; x_wconf 78' lang='lat'><em>2</em></span> 
     </span>
     <span class='ocr_line' id='line_1_32' title="bbox 891 4035 3279 4124; baseline 0.001 -22"><span class='ocrx_word' id='word_1_272' title='bbox 891 4061 969 4103; x_wconf 88' lang='lat' dir='ltr'><strong>an</strong></span> <span class='ocrx_word' id='word_1_273' title='bbox 997 4043 1204 4124; x_wconf 86' lang='lat' dir='ltr'><strong>postea</strong></span> <span class='ocrx_word' id='word_1_274' title='bbox 1224 4037 1510 4102; x_wconf 87' lang='lat' dir='ltr'><strong>divinitus</strong></span> <span class='ocrx_word' id='word_1_275' title='bbox 1535 4039 1600 4102; x_wconf 87' lang='lat' dir='ltr'><strong>in</strong></span> <span class='ocrx_word' id='word_1_276' title='bbox 1643 4037 1778 4102; x_wconf 84' lang='lat' dir='ltr'><strong>ita?</strong></span> <span class='ocrx_word' id='word_1_277' title='bbox 1839 4035 1936 4101; x_wconf 89' lang='lat' dir='ltr'><strong>Ab</strong></span> <span class='ocrx_word' id='word_1_278' title='bbox 1958 4035 2061 4101; x_wconf 88' lang='lat' dir='ltr'><strong>illa</strong></span> <span class='ocrx_word' id='word_1_279' title='bbox 2080 4043 2249 4122; x_wconf 87' lang='lat' dir='ltr'><strong>parte</strong></span> <span class='ocrx_word' id='word_1_280' title='bbox 2278 4043 2398 4101; x_wconf 86' lang='lat' dir='ltr'><strong>stat</strong></span> <span class='ocrx_word' id='word_1_281' title='bbox 2425 4037 2753 4103; x_wconf 87' lang='lat' dir='ltr'><strong>authoritas</strong></span> <span class='ocrx_word' id='word_1_282' title='bbox 2784 4038 2991 4118; x_wconf 88' lang='lat' dir='ltr'><strong>Solini,</strong></span> <span class='ocrx_word' id='word_1_283' title='bbox 3026 4039 3129 4124; x_wconf 90' lang='lat' dir='ltr'><strong>qui</strong></span> <span class='ocrx_word' id='word_1_284' title='bbox 3157 4061 3279 4104; x_wconf 90' lang='lat' dir='ltr'><strong>me-</strong></span> 
     </span>
     <span class='ocr_line' id='line_1_33' title="bbox 889 4122 3279 4209; baseline 0 -18"><span class='ocrx_word' id='word_1_285' title='bbox 889 4131 1084 4191; x_wconf 87' lang='lat' dir='ltr'><strong>morat</strong></span> <span class='ocrx_word' id='word_1_286' title='bbox 1131 4123 1197 4189; x_wconf 91' lang='lat' dir='ltr'><strong>in</strong></span> <span class='ocrx_word' id='word_1_287' title='bbox 1225 4122 1467 4188; x_wconf 79' lang='lat' dir='ltr'><strong>Ibernis</strong></span> <span class='ocrx_word' id='word_1_288' title='bbox 1513 4124 1713 4188; x_wconf 88' lang='lat' dir='ltr'><strong>nullos</strong></span> <span class='ocrx_word' id='word_1_289' title='bbox 1763 4145 1987 4208; x_wconf 87' lang='lat' dir='ltr'><strong>angues</strong></span> <span class='ocrx_word' id='word_1_290' title='bbox 2032 4123 2236 4188; x_wconf 87' lang='lat' dir='ltr'><strong>fuisse.</strong></span> <span class='ocrx_word' id='word_1_291' title='bbox 2325 4123 2461 4209; x_wconf 80' lang='lat' dir='ltr'><strong>Ego</strong></span> <span class='ocrx_word' id='word_1_292' title='bbox 2512 4146 2651 4188; x_wconf 85' lang='lat' dir='ltr'><strong>vero</strong></span> <span class='ocrx_word' id='word_1_293' title='bbox 2698 4131 2907 4190; x_wconf 88' lang='lat' dir='ltr'><strong>contra</strong></span> <span class='ocrx_word' id='word_1_294' title='bbox 2956 4147 3167 4191; x_wconf 90' lang='lat' dir='ltr'><strong>censeo</strong></span> <span class='ocrx_word' id='word_1_295' title='bbox 3219 4134 3279 4190; x_wconf 89' lang='lat' dir='ltr'><strong>et</strong></span> 
     </span>
     <span class='ocr_line' id='line_1_34' title="bbox 891 4209 3279 4298; baseline 0 -20"><span class='ocrx_word' id='word_1_296' title='bbox 891 4213 1164 4278; x_wconf 83' lang='lat' dir='ltr'><strong>Solinum</strong></span> <span class='ocrx_word' id='word_1_297' title='bbox 1193 4210 1267 4275; x_wconf 91' lang='lat' dir='ltr'><strong>de</strong></span> <span class='ocrx_word' id='word_1_298' title='bbox 1295 4209 1538 4275; x_wconf 89' lang='lat' dir='ltr'><strong>Ibernia</strong></span> <span class='ocrx_word' id='word_1_299' title='bbox 1585 4209 1738 4274; x_wconf 87' lang='lat' dir='ltr'><strong>nihil</strong></span> <span class='ocrx_word' id='word_1_300' title='bbox 1783 4216 2013 4274; x_wconf 89' lang='lat' dir='ltr'><strong>certum</strong></span> <span class='ocrx_word' id='word_1_301' title='bbox 2062 4209 2341 4275; x_wconf 90' lang='lat' dir='ltr'><strong>habuisse</strong></span> <span class='ocrx_word' id='word_1_302' title='bbox 2387 4219 2449 4276; x_wconf 90' lang='lat' dir='ltr'><strong>et</strong></span> <span class='ocrx_word' id='word_1_303' title='bbox 2496 4222 2635 4297; x_wconf 90' lang='lat' dir='ltr'><strong>post</strong></span> <span class='ocrx_word' id='word_1_304' title='bbox 2677 4213 2804 4298; x_wconf 90' lang='lat' dir='ltr'><strong>ejus</strong></span> <span class='ocrx_word' id='word_1_305' title='bbox 2845 4218 2967 4277; x_wconf 90' lang='lat' dir='ltr'><strong>tem</strong></span> <span class='ocrx_word' id='word_1_306' title='bbox 3050 4235 3115 4278; x_wconf 88' lang='lat' dir='ltr'><strong>ra</strong></span> <span class='ocrx_word' id='word_1_307' title='bbox 3164 4213 3279 4279; x_wconf 87' lang='lat' dir='ltr'><strong>hoc</strong></span> 
     </span>
     <span class='ocr_line' id='line_1_35' title="bbox 889 4295 3277 4385; baseline -0 -20"><span class='ocrx_word' id='word_1_308' title='bbox 889 4299 1260 4376; x_wconf 85' lang='lat' dir='ltr'><strong>beneficium,</strong></span> <span class='ocrx_word' id='word_1_309' title='bbox 1291 4297 1356 4362; x_wconf 90' lang='lat' dir='ltr'><strong>in</strong></span> <span class='ocrx_word' id='word_1_310' title='bbox 1383 4297 1540 4362; x_wconf 88' lang='lat' dir='ltr'><strong>hanc</strong></span> <span class='ocrx_word' id='word_1_311' title='bbox 1583 4297 1840 4362; x_wconf 88' lang='lat' dir='ltr'><strong>insulam</strong></span> <span class='ocrx_word' id='word_1_312' title='bbox 1870 4320 1905 4362; x_wconf 90' lang='lat' dir='ltr'><strong>a</strong></span> <span class='ocrx_word' id='word_1_313' title='bbox 1932 4295 2066 4362; x_wconf 89' lang='lat' dir='ltr'><strong>Deo</strong></span> <span class='ocrx_word' id='word_1_314' title='bbox 2116 4297 2300 4362; x_wconf 84' lang='lat' dir='ltr'><strong>fuisse</strong></span> <span class='ocrx_word' id='word_1_315' title='bbox 2344 4297 2627 4363; x_wconf 85' lang='lat' dir='ltr'><strong>collatum</strong></span> <span class='ocrx_word' id='word_1_316' title='bbox 2675 4297 2950 4385; x_wconf 87' lang='lat' dir='ltr'><strong>precibus</strong></span> <span class='ocrx_word' id='word_1_317' title='bbox 3054 4300 3135 4364; x_wconf 90' lang='lat' dir='ltr'><strong>ivi</strong></span> <span class='ocrx_word' id='word_1_318' title='bbox 3164 4299 3277 4365; x_wconf 87' lang='lat' dir='ltr'><strong>Pa-</strong></span> 
     </span>
     <span class='ocr_line' id='line_1_36' title="bbox 889 4383 3276 4472; baseline -0 -21"><span class='ocrx_word' id='word_1_319' title='bbox 889 4386 1038 4451; x_wconf 92' lang='lat' dir='ltr'><strong>tritii</strong></span> <span class='ocrx_word' id='word_1_320' title='bbox 1067 4383 1332 4470; x_wconf 80' lang='lat' dir='ltr'><strong>praesidis</strong></span> <span class='ocrx_word' id='word_1_321' title='bbox 1381 4383 1610 4465; x_wconf 80' lang='lat' dir='ltr'><strong>insulae,</strong></span> <span class='ocrx_word' id='word_1_322' title='bbox 1642 4384 1744 4469; x_wconf 90' lang='lat' dir='ltr'><strong>qui</strong></span> <span class='ocrx_word' id='word_1_323' title='bbox 1791 4384 2019 4470; x_wconf 84' lang='lat' dir='ltr'><strong>accepit</strong></span> <span class='ocrx_word' id='word_1_324' title='bbox 2046 4407 2083 4448; x_wconf 91' lang='lat' dir='ltr'><strong>a</strong></span> <span class='ocrx_word' id='word_1_325' title='bbox 2109 4383 2242 4450; x_wconf 90' lang='lat' dir='ltr'><strong>Deo</strong></span> <span class='ocrx_word' id='word_1_326' title='bbox 2312 4383 2535 4450; x_wconf 60' lang='lat' dir='ltr'><strong>umidis</strong></span> <span class='ocrx_word' id='word_1_327' title='bbox 2582 4392 2643 4449; x_wconf 85' lang='lat' dir='ltr'><strong>et</strong></span> <span class='ocrx_word' id='word_1_328' title='bbox 2691 4386 2957 4471; x_wconf 84' lang='lat' dir='ltr'><strong>praesulis</strong></span> <span class='ocrx_word' id='word_1_329' title='bbox 2998 4386 3276 4472; x_wconf 87' lang='lat' dir='ltr'><strong>insignia,</strong></span> 
     </span>
     <span class='ocr_line' id='line_1_37' title="bbox 888 4469 3277 4558; baseline 0 -22"><span class='ocrx_word' id='word_1_330' title='bbox 888 4471 1108 4537; x_wconf 90' lang='lat' dir='ltr'><strong>librum</strong></span> <span class='ocrx_word' id='word_1_331' title='bbox 1137 4471 1242 4557; x_wconf 91' lang='lat' dir='ltr'><strong>qui</strong></span> <span class='ocrx_word' id='word_1_332' title='bbox 1269 4469 1598 4557; x_wconf 86' lang='lat' dir='ltr'><strong>Evangelia</strong></span> <span class='ocrx_word' id='word_1_333' title='bbox 1623 4479 1997 4536; x_wconf 84' lang='lat' dir='ltr'><strong>sacrosancta</strong></span> <span class='ocrx_word' id='word_1_334' title='bbox 2022 4472 2261 4538; x_wconf 90' lang='lat' dir='ltr'><strong>contine</strong></span> <span class='ocrx_word' id='word_1_335' title='bbox 2304 4479 2385 4550; x_wconf 87' lang='lat' dir='ltr'><strong>at,</strong></span> <span class='ocrx_word' id='word_1_336' title='bbox 2416 4477 2477 4536; x_wconf 86' lang='lat' dir='ltr'><strong>et</strong></span> <span class='ocrx_word' id='word_1_337' title='bbox 2504 4471 2783 4537; x_wconf 88' lang='lat' dir='ltr'><strong>baculum</strong></span> <span class='ocrx_word' id='word_1_338' title='bbox 2813 4494 2932 4557; x_wconf 89' lang='lat' dir='ltr'><strong>quo</strong></span> <span class='ocrx_word' id='word_1_339' title='bbox 2961 4478 3023 4538; x_wconf 89' lang='lat' dir='ltr'><strong>et</strong></span> <span class='ocrx_word' id='word_1_340' title='bbox 3050 4495 3277 4558; x_wconf 89' lang='lat' dir='ltr'><strong>angues</strong></span> 
     </span>
     <span class='ocr_line' id='line_1_38' title="bbox 889 4556 3279 4643; baseline 0 -20"><span class='ocrx_word' id='word_1_341' title='bbox 889 4557 1145 4623; x_wconf 72' lang='lat' dir='ltr'><strong>irisulam</strong></span> <span class='ocrx_word' id='word_1_342' title='bbox 1190 4558 1540 4624; x_wconf 86' lang='lat' dir='ltr'><strong>infestantes</strong></span> <span class='ocrx_word' id='word_1_343' title='bbox 1587 4557 1861 4626; x_wconf 86' lang='lat' dir='ltr'><strong>funditus</strong></span> <span class='ocrx_word' id='word_1_344' title='bbox 1913 4557 2149 4624; x_wconf 86' lang='lat' dir='ltr'><strong>delevit.</strong></span> <span class='ocrx_word' id='word_1_345' title='bbox 2236 4559 2337 4623; x_wconf 86' lang='lat' dir='ltr'><strong>Ita</strong></span> <span class='ocrx_word' id='word_1_346' title='bbox 2374 4556 2690 4643; x_wconf 89' lang='lat' dir='ltr'><strong>perhibent</strong></span> <span class='ocrx_word' id='word_1_347' title='bbox 2717 4558 2977 4624; x_wconf 90' lang='lat' dir='ltr'><strong>Ibernici</strong></span> <span class='ocrx_word' id='word_1_348' title='bbox 3006 4558 3163 4640; x_wconf 87' lang='lat' dir='ltr'><strong>libri,</strong></span> <span class='ocrx_word' id='word_1_349' title='bbox 3192 4559 3279 4624; x_wconf 87' lang='lat' dir='ltr'><strong>ita</strong></span> 
     </span>
     <span class='ocr_line' id='line_1_39' title="bbox 887 4643 2653 4731; baseline -0.001 -21"><span class='ocrx_word' id='word_1_350' title='bbox 887 4651 1185 4710; x_wconf 76' lang='lat' dir='ltr'><strong>testantur</strong></span> <span class='ocrx_word' id='word_1_351' title='bbox 1211 4645 1489 4711; x_wconf 83' lang='lat' dir='ltr'><strong>authores</strong></span> <span class='ocrx_word' id='word_1_352' title='bbox 1519 4645 1622 4731; x_wconf 91' lang='lat' dir='ltr'><strong>qui</strong></span> <span class='ocrx_word' id='word_1_353' title='bbox 1647 4645 1794 4712; x_wconf 84' lang='lat' dir='ltr'><strong>Divi</strong></span> <span class='ocrx_word' id='word_1_354' title='bbox 1820 4645 2003 4712; x_wconf 85' lang='lat' dir='ltr'><strong>vitam</strong></span> <span class='ocrx_word' id='word_1_355' title='bbox 2030 4643 2246 4711; x_wconf 89' lang='lat' dir='ltr'><strong>litteris</strong></span> <span class='ocrx_word' id='word_1_356' title='bbox 2272 4643 2653 4709; x_wconf 86' lang='lat' dir='ltr'><strong>mandarunt.</strong></span> 
     </span>
     <span class='ocr_line' id='line_1_40' title="bbox 978 4730 3275 4819; baseline 0 -23"><span class='ocrx_word' id='word_1_357' title='bbox 978 4731 1058 4796; x_wconf 92' lang='lat' dir='ltr'><strong>In</strong></span> <span class='ocrx_word' id='word_1_358' title='bbox 1107 4753 1176 4797; x_wconf 90' lang='lat' dir='ltr'><strong>ea</strong></span> <span class='ocrx_word' id='word_1_359' title='bbox 1226 4731 1670 4799; x_wconf 84' lang='lat' dir='ltr'><strong>Momoniarum</strong></span> <span class='ocrx_word' id='word_1_360' title='bbox 1711 4739 1880 4819; x_wconf 86' lang='lat' dir='ltr'><strong>parte</strong></span> <span class='ocrx_word' id='word_1_361' title='bbox 1927 4755 2061 4819; x_wconf 81' lang='lat' dir='ltr'><strong>quae</strong></span> <span class='ocrx_word' id='word_1_362' title='bbox 2108 4731 2165 4798; x_wconf 84' lang='lat' dir='ltr'>L</span> <span class='ocrx_word' id='word_1_363' title='bbox 2276 4730 2437 4796; x_wconf 87' lang='lat' dir='ltr'><strong>niam</strong></span> <span class='ocrx_word' id='word_1_364' title='bbox 2482 4731 2799 4816; x_wconf 88' lang='lat' dir='ltr'><strong>contingit,</strong></span> <span class='ocrx_word' id='word_1_365' title='bbox 2826 4731 2963 4797; x_wconf 88' lang='lat' dir='ltr'><strong>lacu</strong></span> <span class='ocrx_word' id='word_1_366' title='bbox 3008 4731 3275 4818; x_wconf 87' lang='lat' dir='ltr'><strong>undique</strong></span> 
     </span>
     <span class='ocr_line' id='line_1_41' title="bbox 889 4754 3276 4906; baseline -0 -20"><span class='ocrx_word' id='word_1_367' title='bbox 889 4817 1152 4905; x_wconf 87' lang='lat' dir='ltr'><strong>cingitur</strong></span> <span class='ocrx_word' id='word_1_368' title='bbox 1198 4817 1394 4886; x_wconf 79' lang='lat' dir='ltr'><strong>insula</strong></span> <span class='ocrx_word' id='word_1_369' title='bbox 1424 4841 1622 4906; x_wconf 84' lang='lat' dir='ltr'><strong>parva,</strong></span> <span class='ocrx_word' id='word_1_370' title='bbox 1653 4821 1807 4887; x_wconf 84' lang='lat' dir='ltr'><strong>fanis</strong></span> <span class='ocrx_word' id='word_1_371' title='bbox 1857 4825 1921 4885; x_wconf 92' lang='lat' dir='ltr'><strong>et</strong></span> <span class='ocrx_word' id='word_1_372' title='bbox 1964 4754 2327 4885; x_wconf 52' lang='lat' dir='ltr'><strong>solemriiffirs</strong></span> <span class='ocrx_word' id='word_1_373' title='bbox 2368 4817 2816 4885; x_wconf 89' lang='lat' dir='ltr'><strong>circuitionibus</strong></span> <span class='ocrx_word' id='word_1_374' title='bbox 2864 4841 3046 4899; x_wconf 87' lang='lat' dir='ltr'><strong>sacra,</strong></span> <span class='ocrx_word' id='word_1_375' title='bbox 3095 4841 3276 4905; x_wconf 90' lang='lat' dir='ltr'><strong>quam</strong></span> 
     </span>
    </p>
   </div>
   <div class='ocr_carea' id='block_1_7' title="bbox 3584 4059 3591 4802">
    <p class='ocr_par' dir='ltr' id='par_1_7' title="bbox 3584 4059 3591 4802">
     <span class='ocr_line' id='line_1_42' title="bbox 3584 4059 3591 4802; baseline 0 0"><span class='ocrx_word' id='word_1_376' title='bbox 3584 4059 3591 4802; x_wconf 95' lang='lat' dir='ltr'><strong> </strong></span> 
     </span>
    </p>
   </div>
  </div>
 </body>
</html>
