3634 5842
875 730 956 791 78
1324 726 1738 791 o’sumvm1
1781 746 2099 791 ursanum
2144 744 2527 813 cunonem,
2570 743 2723 790 mu.
2770 744 2845 789 11.
2984 724 3139 809 [us.
3172 746 3246 790 11.

871 896 1140 965 rentibus
1157 903 1220 962 et
1245 896 1464 965 illustri
1482 897 1708 963 familia
1735 897 2273 986 O’Magaunorum,
2306 899 2413 985 qui
2446 898 2684 984 juvenis
2712 898 2777 963 in
2804 897 3089 983 Angliam
3116 920 3254 965 cum

871 984 1217 1072 parentibus
1245 985 1655 1071 proficiscitur,
1683 986 1965 1072 indeque,
2012 986 2285 1065 Romam,
2306 985 2771 1072 religionemque
2827 985 3149 1070 professus,
3192 994 3253 1052 et

871 1072 1052 1139 sacris
1081 1070 1393 1139 ordinibus
1418 1072 1687 1137 initiatus
1714 1073 1780 1139 in
1808 1073 2092 1161 Angliam
2120 1094 2389 1140 reversus
2418 1078 2660 1160 propter
2682 1072 2862 1137 fidem
2883 1072 3251 1141 catholicam

871 1180 1196 1310 fflippensus
1247 1166 1479 1227 socam
1527 1182 1685 1225 anno
1717 1163 1908 1243 1594,
1966 1160 2129 1226 unde
2174 1160 2381 1226 multis
2424 1158 2664 1246 Anglus
2713 1159 2899 1225 fiusse‘
2936 1160 3088 1225 falso
3130 1182 3251 1226 cre-

963 1269 1056 1310 ur.

955 1332 1266 1417 Eugenius
1325 1331 1468 1398 Mac
1529 1332 1816 1419 Eoganus
1864 1332 2169 1413 Sacerdos,
2227 1334 2458 1399 Doctor
2513 1333 2873 1419 Theologus,
2920 1332 3256 1421 Episcopus

871 1419 1048 1484 Rosoe
1078 1418 1438 1505 designatus,
1469 1419 1676 1485 multis
1703 1420 2037 1507 gladiorum
2063 1420 2282 1487 ictibus
2326 1420 2697 1487 dilaceratus.

957 1506 1306 1592 Dermysius
1327 1506 1467 1571 Mac
1495 1505 1718 1573 Garrha
1745 1508 2069 1595 presbyter,
2094 1530 2417 1594 suspensus
2444 1515 2507 1573 et
2536 1516 2751 1573 sectus.

909 1591 1312 1745 hDoffimcm
1359 1592 1698 1661 O'Calanus
1738 1593 2055 1681 religiosus
2084 1596 2271 1661 laicus
2313 1618 2347 1659 e
2398 1595 2679 1661 societate
2707 1594 2750 1659 J
2752 1616 2877 1673 esu,
2908 1590 3089 1658 simili
3114 1614 3257 1678 sup-

938 1680 1047 1745 'cio
1153 1685 1339 1745 ectus.

870 1704 911 1768 p
954 1766 1296 1834 Bernardus
1339 1766 1480 1832 Mac
1509 1766 1837 1833 Moriartus
1866 1776 2058 1835 morte
2086 1768 2397 1834 affectus*

953 1853 1232 1919 Donatus
1263 1853 1404 1919 Mac
1433 1852 1704 1921 Criedius
1731 1862 1959 1922 tractus
1988 1858 2128 1943 equi
2148 1855 2358 1935 cauda,
2387 1876 2709 1942 suspensus
2732 1860 2793 1919 et
2820 1862 3041 1920 sectus.

956 1940 1268 2007 Cornelius
1328 1939 1708 2009 O'Dubhena
1756 1943 1927 2009 Duni
1972 1950 2035 2009 et
2082 1943 2353 2009 Conoriae
2410 1942 2747 2030 Episcopus
2810 1962 3135 2029 suspensus
3194 1945 3257 2005 et

866 2034 1083 2093 sectus.
3076 2040 3079 2045 '

953 2114 1242 2179 Patritius
1271 2113 1702 2181 O'Luchranus
1731 2116 2023 2195 sacerdos,
2053 2116 2258 2183 eadem
2286 2122 2478 2181 morte
2504 2122 2866 2203 peremptus.

949 2199 1298 2266 Ludovicus
1320 2199 1769 2287 O'Labertagus
1798 2202 2089 2283 sacerdos,
2132 2204 2498 2269 interfectus.

958 2286 1292 2352 Gonnatius
1321 2286 1397 2352 0’
1405 2286 1713 2354 Kienanus
1740 2288 2034 2369 sacerdos,
2058 2292 2308 2359 occisus.

953 2372 997 2439 J
999 2372 1262 2439 ohannes
1289 2373 1430 2439 Mac
1459 2374 1798 2442 Konnanus
1828 2376 2119 2457 sacerdos,
2148 2376 2363 2464 laqueo
2393 2399 2737 2463 suspensus.

868 2459 1295 2611 latBernardus
1347 2458 1812 2529 O’Garrullanus
1862 2465 2153 2544 sacerdos,
2206 2462 2450 2531 auribus
2496 2468 2842 2552 amputatus
2870 2468 2933 2527 et
2974 2466 3253 2547 strangu-

953 2568 1048 2612 us.

954 2632 1169 2699 Daniel
1191 2632 1587 2701 O’Harcanus
1617 2637 1906 2719 sacerdos,
1936 2636 2002 2705 in
2032 2659 2278 2716 carcere,
2302 2644 2363 2704 et
2392 2637 2645 2703 vinculis
2688 2642 2980 2703 mortuus.

954 2720 1244 2787 Patritius
1267 2719 1554 2787 O’Dirius
1583 2726 1874 2804 sacerdos,
1894 2748 2237 2811 suspensus,
2282 2732 2343 2790 et
2372 2725 2610 2790 scissus.

954 2807 1244 2874 O'Dirius
1275 2808 1545 2874 sacerdos
1577 2813 1981 2899 strangulatus
2010 2819 2072 2878 et
2100 2821 2317 2881 sectus.

954 2893 1233 2961 Donatus
1255 2894 1593 2963 O'Lluinus
1607 2902 1649 2973 †
1679 2898 2331 2982 Dominicanus,Prior,
2351 2898 2805 2985 nonagesimum
2824 2916 3048 2963 annum
3072 2914 3253 2980 agens

871 3004 980 3049 sus
1021 3004 1219 3061 ensus,
1245 2988 1306 3046 et
1350 2989 1566 3051 sectus.
1603 2988 1638 3069 ‡

1007 3069 1211 3133 homas
1241 3068 1599 3135 Geraldinus
1644 3068 2073 3138 Franciscanus
2128 3072 2441 3157 religiosus
2490 3070 2871 3137 concionator
2898 3068 3255 3134 clarissimus

865 3151 970 3217 diu
999 3175 1226 3221 earcere
1267 3155 1642 3243 vinculisque
1668 3164 1955 3239 retentus,
1986 3168 2048 3225 et
2088 3158 2331 3224 tandem
2358 3165 2653 3225 mortuus.
2738 3157 2837 3222 Ex
2863 3156 3254 3243 plurimorum

934 3376 961 3403 ·
999 3381 1039 3409 “
1057 3372 1330 3427 Dominus
1373 3372 1694 3431 Ber-nardus
1721 3374 2046 3440 Moriartns‚
2104 3376 2357 3430 sacerdos
2410 3377 2851 3431 Ardaehadensis
2896 3374 3150 3435 diaecesis.
3196 3374 3255 3427 in

860 3445 990 3517 jure
1013 3444 1289 3509 canonico,
1307 3445 1364 3498 in
1382 3445 1650 3519 Hispania
1661 3447 1982 3518 gru-adustus,
2002 3447 2257 3501 Decanus
2276 3448 2714 3503 Ardachadensis
2740 3456 2794 3501 et
2819 3447 3255 3502 Archidiaconus

869 3515 1190 3572 cluanensis
1209 3515 1686 3585 (Olonmicnoise.)
1727 3517 2079 3573 Constitutus
2103 3526 2294 3590 postea
2314 3519 2551 3573 vicarius
2567 3518 2837 3592 generalis
2861 3517 3255 3581 Dubliniensis,

864 3606 965 3660 par
991 3587 1066 3641 D.
1087 3586 1380 3641 Matthiam
1405 3588 1473 3641 de
1496 3588 1706 3645 Oviedo
1724 3590 1984 3662 Archiep.
2026 3590 2471 3657 Dublinnensem,
2492 3599 2685 3661 eaptus
2706 3598 2793 3644 est
2814 3608 2938 3644 cum
2964 3588 3255 3643 Fratribus

867 3659 1170 3714 minoribus
1193 3666 1492 3713 conventus
1517 3660 1584 3715 de
1629 3660 2011 3717 Multifernam
2035 3662 2198 3715 Anno
2224 3665 2378 3725 1601,
2397 3670 2453 3717 et
2495 3680 2621 3715 cum
2644 3660 2896 3716 ministro
2922 3658 3255 3715 Provinciali

903 3730 962 3785 ui
1006 3738 1140 3784 tunc
1181 3736 1302 3783 erat
1351 3738 1406 3783 et
1455 3730 1629 3786 fratre
1652 3731 1937 3786 Richardo
1976 3732 2335 3787 Killmorensi
2360 3732 2676 3803 Episcop03
2716 3740 2774 3786 et
2808 3750 2933 3786 oum
2960 3732 3259 3785 duceretur

867 3749 1211 3867 Dublinium,
1237 3800 1294 3855 in
1329 3802 1419 3856 via
1451 3802 1768 3858 vulneratus
1803 3811 1887 3857 est
1934 3805 2003 3858 ab
2045 3804 2319 3869 hereticis,
2373 3804 2503 3859 dum
2550 3804 2717 3874 aliqui
2758 3802 3027 3857 Catholici
3051 3820 3179 3857 eum
3200 3800 3253 3855 vi

867 3872 1085 3927 auferre
1107 3880 1396 3935 conantur,
1419 3879 1476 3925 et
1499 3873 1748 3929 Dublinii
1771 3874 1828 3928 in
1854 3894 2073 3929 carcere
2114 3883 2363 3929 mortuus
2388 3883 2471 3929 est
2486 3884 2714 3946 martyr.
2794 3874 3055 3945 Sepultus
3080 3881 3162 3928 est
3196 3874 3253 3926 in

869 3943 1060 3998 eodem
1085 3944 1380 3998 caemiterio
1421 3946 1504 4013 (8.
1531 3946 1777 4016 Jacobi.)
1850 3965 2033 4002 mense
2063 3946 2341 4013 Octobris,
2378 3946 2503 4001 anni
2542 3946 2899 4017 supradicti-⁶
2973 3946 3254 4017 Mooney's

871 4014 1125 4071 Historia
1169 4012 1658 4089 Franciscana—p.
1709 4021 1796 4073 69.
1872 4018 1989 4073 For
2009 4037 2043 4073 a
2064 4035 2223 4090 poem
2248 4036 2319 4072 on
2354 4017 2451 4072 the
2500 4026 2729 4089 capture
2771 4017 2837 4070 of
2856 4017 3255 4083 Multifernam,

869 4104 958 4141 see
983 4085 1197 4157 Duffy⁰s
1215 4084 1359 4139 Irisb
1382 4086 1635 4145 Catholic
1679 4088 1990 4161 Magazine,
2011 4089 2119 4143 vol.
2148 4089 2203 4144 ii.
2232 4108 2285 4161 p.
2313 4092 2403 4144 32.

938 4158 980 4229 †
1018 4157 1288 4213 Hibernia
1307 4158 1688 4226 Dominicana,
1712 4177 1766 4231 p.
1793 4166 1920 4218 559.

939 4236 972 4303 ss
1009 4242 1048 4269 ‘⁶
1067 4231 1268 4286 Frater
1313 4230 1554 4286 Thomas
1605 4230 1943 4295 Giraldinus‚
1989 4230 2214 4285 Ordinis
2249 4230 2423 4287 nostri
2448 4230 2794 4303 predicator,
2834 4238 2889 4285 et
2914 4230 3005 4315 qui
3031 4228 3138 4283 fuit
3151 4228 3245 4283 ali·

905 4306 1085 4360 uando
1124 4303 1528 4360 commissarius
1553 4310 1751 4357 nostroe
1800 4302 2111 4375 provinciae,
2136 4304 2416 4375 multaque
2451 4302 2594 4357 mala
2634 4300 2701 4355 ab
2725 4301 2980 4356 hereticis
3004 4301 3253 4371 pertulit,

907 4378 1130 4430 iuturna
1151 4374 1581 4431 incarceratione
1606 4395 1624 4442 ς
1663 4383 1720 4428 et
1742 4376 1962 4430 tandem
1981 4391 2161 4429 mense
2184 4376 2223 4431 J
2226 4376 2353 4428 unio
2373 4375 2443 4429 A.
2468 4374 2543 4427 D.
2569 4374 2721 4435 1617,
2748 4373 2985 4427 carceris
3003 4372 3255 4444 squalore

867 4448 1169 4511 confectus,
1195 4447 1410 4503 obiitin
1446 4464 1574 4503 arce
1607 4442 2021 4514 Dublinnense3
2062 4458 2118 4501 et
2142 4448 2304 4510 cives,
2343 4447 2638 4516 >impetrato
2674 4442 2792 4513 ejus
2827 4461 3078 4515 corpore,
3100 4463 3255 4529 mag-

867 4535 994 4573 nam
1019 4521 1069 4573 ei
1091 4536 1348 4592 pompam
1371 4518 1656 4573 funebrem
1694 4519 1949 4573 fecerunt
1995 4536 2094 4591 per
2119 4527 2233 4574 tres
2257 4515 2343 4571 vel
2386 4522 2620 4589 quatuor
2646 4515 2780 4583 dies,
2806 4533 2917 4570 non
2940 4516 3056 4569 sine
3080 4516 3253 4571 admi-

867 4590 1080 4645 ratione
1105 4597 1160 4643 et
1195 4592 1308 4645 indi
1387 4592 1569 4647 atione
1615 4589 2019 4655 hereticorum,
2064 4591 2156 4661 qui
2181 4606 2289 4644 non
2314 4588 2567 4642 valebant
2589 4588 2779 4659 populi
2801 4586 3065 4658 impedire
3088 4588 3257 4642 devo-

867 4660 1092 4715 tionem.
1167 4661 1292 4716 Tan
1331 4680 1416 4716 em
1464 4661 1522 4715 in
1557 4660 1747 4716 eodem
1784 4662 2078 4718 coemiterio
2119 4662 2210 4731 (S.
2259 4659 2481 4727 Jacobi)
2523 4656 2688 4727 juxta
2724 4656 2980 4730 reliquias
3016 4660 3255 4743 episcopi

869 4729 1253 4857 (O'Glgubhenae
1289 4732 1588 4802 Dunensis)
1629 4732 1929 4789 honorifice
1945 4733 2189 4805 sepultus
2207 4733 2339 4787 est.”
2444 4730 2681 4803 Mooney
2708 4730 2855 4785 Hist.
2872 4729 3259 4798 Franciscana,
