3634 5842
945 680 1064 745 312
1345 677 1758 744 o’sunnnvffli
1803 696 2117 743 merosus:
2148 694 2531 753 cn'rfloucffl,
2562 695 2709 741 1011.
2758 695 2844 744 1v.
3050 679 3219 764 [1,111.
3266 699 3335 744 11.

941 857 1230 944 superius,
1259 858 1551 943 explicati,
1583 857 1687 922 sed
1717 857 1808 922 uti
1857 856 1959 922 lon
2006 857 2197 922 ‘orum
2224 875 2565 922 sermonum
2590 854 2887 937 lemmata,
2922 857 3163 945 scripti,
3195 881 3337 944 quos

939 967 1052 1011 nos
1079 944 1293 1009 Latine
1319 945 1671 1030 proferimus
1701 945 1932 1008 summa
1994 943 2085 1008 de.
3248 949 3259 962 “

945 1154 1208 1220 Artioubi
1235 1153 1302 1220 in.
1321 1154 1706 1220 Par-lamento
1719 1150 2094 1303 proponevtzdd
2106 1151 2471 1303 0011Ξοἱοοιἰᾶ
2480 1151 2671 1232 dooba‘,
2676 1151 3027 1239 judicioque
3037 1153 3336 1237 proreyis,

1958 1261 1993 1304 e
2045 1259 2209 1304 eorm
2236 1261 2307 1302 u.

1020 1417 1068 1468 1.
1105 1411 1399 1478 caveatur,
1421 1418 1485 1465 ut
1509 1409 1819 1464 sacerdotes
1842 1409 1899 1463 in
1923 1409 2145 1472 exilium
2166 1409 2475 1464 mittantur.

1015 1489 1068 1538 2.
1087 1483 1179 1568 ‘In
1203 1501 1330 1609 01ἑο0
1371 1483 1582 1553 aliquot
1619 1482 1755 1548 loca,
1791 1487 2059 1552 portaque
2096 1481 2366 1534 nobilibus
2404 1479 2553 1544 viris,
2578 1481 2671 1552 qui
2714 1485 2973 1540 custodia
2994 1487 3333 1540 mandantur

948 1573 1246 1610 concinnen
1272 1572 1358 1609 ur.

1017 1631 1072 1681 3.
1115 1626 1447 1680 Adimauttu·
1471 1623 1668 1680 ociosis
1690 1641 1863 1679 arma.

1015 1703 1071 1752 4.
1100 1697 1187 1752 De
1203 1697 1350 1769 agris
1366 1695 1656 1752 occultatis
1673 1695 1816 1750 inter
1839 1693 2213 1749 O’Murchuos
2228 1695 2606 1758 conductores,
2622 1702 2678 1749 et
2690 1695 2810 1750 aliis
2826 1697 3037 1752 artibus
3047 1697 3333 1768 judicetur

942 1769 1108 1839 juxta
1128 1785 1212 1835 ea,
1238 1786 1354 1839 quoe
1371 1767 1490 1836 jam
1513 1776 1644 1822 acta·
1661 1775 1810 1828 sunt,
1834 1765 1940 1820 hoc
1966 1782 2181 1836 quoque
2204 1771 2331 1819 ante
2354 1763 2553 1818 festum
2578 1767 2762 1822 Sancti
2788 1767 3077 1823 Michaelis
3102 1770 3221 1824 fiat.

1016 1845 1068 1897 5.
1115 1839 1204 1894 De
1227 1839 1508 1893 connubiis
1532 1839 1677 1892 inter
1702 1837 1934 1892 Ibernos
1958 1844 2015 1890 et
2038 1837 2246 1892 Scotos.

1015 1915 1070 1965 6.
1109 1910 1379 1981 Georgius
1405 1908 1693 1964 Hamilton
1717 1916 1773 1963 et
1797 1908 2079 1962 Robertus
2116 1906 2345 1963 Wsrtus
2375 1908 2749 1978 juramentum
2790 1910 3136 1982 principatus
3178 1928 3327 1965 recu-

947 1989 1128 2036 santes
1143 1981 1338 2052 jurare
1363 1979 1394 2034 ὃ
1419 1999 1590 2052 regno
1616 1980 1956 2052 relegentur.
2450 1991 2461 2008 ·

1017 2054 1071 2112 7.
1111 2052 1264 2106 Dicti
1290 2051 1648 2106 conductores
1673 2067 1953 2134 agrorum,
1975 2057 2033 2134 et
2076 2049 2428 2114 O’Murchui,
2466 2067 2699 2124 quorum
2734 2052 2955 2124 negotia
2978 2053 3214 2125 exigunt
3242 2053 3327 2122 ju-

741 2161 921 2228 [Ἅι]
947 2124 1094 2178 dices
1117 2123 1414 2206 delegatos,
1441 2122 1526 2176 vel
1551 2137 1970 2187 commissarios,
1994 2138 2053 2174 111
2074 2121 2259 2175 album
2281 2122 2593 2176 referantur
2616 2123 2671 2176 in
2698 2122 3129 2193 Ghmcelhrim!

947 2265 962 2279 ο
1015 2199 1074 2318 St:
1111 2193 1283 2276 Nous
1307 2192 1679 2264 pensionariis,
1719 2191 1963 2262 quamvis
1999 2191 2378 2260 juramentum
2413 2201 2685 2256 recusent,
2726 2195 3055 2266 stipendium
3080 2195 3323 2250 solvatur

937 2283 1033 2336 Jus
1059 2283 1105 2318 is
1131 2281 1326 2318 causis.

1013 2339 1067 2391 9.
1104 2335 1365 2412 Pecunia,
1391 2351 1499 2404 qus,
1519 2333 1859 2387 mulctantur
1897 2330 1998 2396 illi,
2024 2333 2119 2404 qui
2161 2333 2415 2389 ecclesias
2438 2333 2784 2405 frequentare
2808 2337 3023 2400 nolunt,
3046 2336 3327 2410 quomodo

943 2407 1018 2462 sit
1042 2405 1418 2461 distribuenda
1433 2411 1456 2458 ?

1019 2482 1104 2533 10.
1145 2477 1430 2532 Nobilium
1451 2475 1549 2530 filii
1573 2475 1629 2529 in
1653 2475 1911 2547 Angliam
1934 2475 2247 2530 mittantur.

1019 2552 1101 2604 11.
1137 2548 1518 2602 Immunitates
1540 2547 1746 2601 civibus
1771 2547 1911 2600 male
1936 2547 2261 2617 eligentibus
2284 2547 2639 2619 magistratus
2664 2548 2989 2604 adimantur.

1018 2623 1100 2676 12.
1140 2620 1343 2674 Omnes
1366 2628 1673 2674 recusantes
1697 2617 1912 2672 solvant
1936 2617 2072 2672 duos
2096 2618 2275 2690 regios
2298 2637 2546 2673 nummos
2570 2619 2759 2673 diebus
2784 2619 3087 2674 dominicis.

1016 2694 1099 2745 13.
1141 2689 1740 2746 Excommunicationes
1765 2690 1978 2744 cautius
2002 2697 2060 2744 et
2080 2689 2262 2744 rarius
2285 2689 2554 2753 ferantur,
2579 2697 2636 2744 et
2669 2691 3005 2746 moderatius
3028 2696 3231 2764 agatur
3268 2691 3321 2744 in

945 2762 1053 2816 illis
1075 2763 1210 2816 locis
1234 2761 1428 2833 quibus
1450 2761 1693 2816 nondum
1715 2769 1845 2815 sunt
1866 2759 2142 2833 praepositi
2166 2763 2459 2832 pastores?

1037 2965 1345 3032 Articulus
1395 2965 1640 3050 quintus
1689 2986 1760 3028 00
1817 2962 1907 3046 (111
1952 2985 2065 3049 ego
2108 2963 2444 3048 conjectura
2491 2961 2686 3046 fallor)
2742 2963 2995 3048 pertinet
3043 2969 3119 3027 ut
3174 2963 3323 3028 inter

951 3053 1224 3131 Ibernos,
1254 3057 1314 3116 et
1344 3052 1554 3116 Scotos
1583 3049 1957 3115 matrimonia
2012 3048 2476 3136 prohibeanturl·
2504 3071 2582 3114 ne
2610 3049 2744 3114 duae
2772 3049 3066 3114 bellicosae
3095 3057 3321 3134 gentes,

951 3139 1167 3224 Anglis
1195 3139 1452 3202 inimicoe
1501 3136 1801 3202 affinitatis
1851 3143 1913 3202 et
1957 3136 2231 3201 amieitiae
2279 3135 2532 3200 vinculis
2580 3136 2735 3200 inter
2777 3158 2841 3202 se
2868 3137 3323 3223 conjungantur,

953 3225 1090 3376 sedl
1102 3225 1302 3310 potius
1351 3223 1624 3288 amicitiae
1671 3223 2105 3302 vetustissimae,
2156 3223 2467 3308 mutuique
2514 3223 2729 3288 amoris
2780 3225 3059 3288 memoria
3084 3245 3323 3310 prorsus

954 3315 1067 3380 abo
1091 3321 1276 3376 eatur.

1040 3398 1120 3464 In
1149 3405 1315 3462 sexto
1343 3395 1590 3462 articulo
1621 3395 1741 3461 duo
1769 3397 1995 3482 equites
2024 3395 2237 3482 Angli,
2262 3396 2366 3482 qui
2410 3394 2630 3481 pietate
2674 3395 2840 3461 ducti
2883 3396 3136 3482 patriam
3166 3417 3328 3461 suam

955 3486 1356 3564 deseruerunt,
1379 3483 1666 3569 jubentur
1695 3507 1731 3550 a
1758 3483 2000 3549 Ibernia
2025 3482 2289 3568 relegari,
2321 3481 2483 3567 quod
2512 3483 2561 3546 si
2610 3481 2781 3561 fierit,
2812 3490 3163 3568 argumento
3208 3483 3329 3547 fore

953 3572 1283 3650 videbatur,
1313 3578 1382 3636 ut
1409 3571 1586 3635 etiam
1615 3570 1823 3636 Iberni
1849 3591 2053 3635 omnes
2080 3569 2149 3634 in
2175 3568 2417 3635 exilium
2446 3569 2836 3634 mitterentur.
3062 3567 3065 3570 ’

1041 3659 1212 3725 Circa
1240 3658 1534 3724 decimum
1558 3658 1802 3723 tertium
1852 3656 2155 3722 sciendum
2202 3662 2292 3720 est
2340 3655 2412 3720 eb
2438 3677 2629 3740 usque
2656 3655 3066 3721 haeretieorum
3094 3657 3329 3722 demen-

958 3747 1104 3812 tiam
1132 3744 1502 3832 processisse,
1531 3751 1603 3810 ut
1631 3743 1986 3830 quandoque
2026 3745 2091 3808 111
2134 3740 2470 3808 Catholicos
2497 3743 2691 3814 ferant
2720 3745 3073 3809 sententiam
3102 3765 3331 3809 excom-

961 3832 1397 3910 municationis,
1429 3853 1564 3917 quse
1611 3832 1769 3896 inter
1813 3838 2055 3896 caeteros
2101 3829 2342 3894 effectus
2388 3828 2781 3894 atrocissimos
2822 3829 2995 3894 11111111
3036 3828 3236 3910 habet,
3266 3834 3331 3894 ut

961 3920 1300 4004 quicunque
1327 3919 1574 4006 impune
1621 3918 1814 4004 possit
1842 3916 2415 3982 excommunicatum
2443 3914 2768 3997 occidere.‡
2814 3916 3053 4004 Reliqui
3083 3916 3329 3994 articuli,

961 4030 1035 4073 ex
1061 4007 1154 4087 iis,
1185 4027 1318 4092 quse
1343 4007 1411 4070 in
1439 4005 1554 4071 1100
1582 4027 1758 4092 opere
1785 4003 2003 4070 tradita
2030 4008 2190 4083 sunt,
2218 4001 2473 4088 intelligi
2499 4002 2670 4068 facile
2697 4011 2967 4088 possunt.

1035 4259 1058 4284 ·
1099 4255 1220 4310 Oox
1243 4262 1502 4326 attempts
1523 4272 1558 4307 0
1597 4253 1859 4326 pointless
1898 4269 2053 4308 sneer
2095 4261 2155 4307 at
2194 4253 2347 4308 these
2386 4252 2623 4308 articles.
2694 4255 2753 4310 It
2786 4253 3041 4325 happens,
3064 4254 3329 4316 however,

963 4328 1086 4382 that
1105 4327 1237 4398 they
1260 4325 1489 4397 embody
1513 4325 1605 4380 the
1631 4324 1752 4379 well
1789 4325 1986 4379 known
2027 4323 2322 4379 intentione
2364 4323 2430 4378 of
2456 4325 2551 4379 the
2590 4324 2826 4398 English
2866 4325 2973 4379 and
3016 4326 3329 4380 Protestant

965 4406 1125 4470 party
1148 4397 1332 4452 before
1355 4397 1448 4450 the
1470 4397 1793 4468 parliament
1810 4395 1921 4449 had
1942 4394 2259 4450 assembled.

1037 4471 1066 4537 †
1106 4469 1228 4523 The
1251 4475 1536 4540 contrary:
1573 4469 1667 4522 the
1703 4466 2027 4539 parliament
2068 4466 2322 4538 repealed
2363 4484 2397 4521 a
2436 4465 2645 4522 former
2668 4473 2849 4521 statue
2871 4467 3209 4539 prohibiting
3244 4466 3332 4520 the

967 4539 1114 4594 Irieh
1139 4548 1198 4593 to
1223 4539 1552 4611 inter-marry
1575 4538 1706 4594 with
1731 4539 1827 4593 the
1850 4537 2027 4594 Scots.

905 4673 910 4680 .
1040 4613 1071 4679 ss
1110 4609 1231 4664 The
1255 4611 1448 4664 reader
1473 4629 1595 4683 may
1619 4611 1833 4665 consult
1857 4609 2097 4664 Mason's
2135 4609 2259 4662 Life
2282 4608 2349 4662 of
2377 4608 2547 4662 Bisho
2608 4595 2799 4665 Bedell
2824 4609 2912 4662 for
2936 4609 3030 4664 the
3084 4626 3255 4662 owers
3278 4607 3340 4662 of

965 4681 1311 4752 persecution
1335 4682 1562 4736 wielded
1583 4682 1618 4735 b
1677 4681 1772 4735 the
1797 4680 2179 4735 ecclesiastice]
2204 4687 2404 4733 courts.
2454 4689 2491 4714 ‘⁶
2565 4681 2665 4751 hey
2689 4680 2809 4748 (the
2834 4679 3004 4751 Irish)
3055 4688 3217 4751 orgot
3238 4687 3334 4732 not

967 4761 1028 4806 to
1068 4752 1289 4813 reckon,
1328 4770 1527 4824 among
1564 4760 1624 4807 ot
1661 4770 1720 4806 01·
1763 4769 1968 4816 causes,
2011 4752 2104 4806 the
2147 4751 2459 4822 oppressiou
2496 4751 2564 4805 of
2589 4751 2683 4805 the
2732 4759 2893 4806 court
2937 4749 3333 4812 ecclesiastical,
