3634 5842
923 735 1048 799 218
1337 734 1752 798 οέυηΕνΔΝι
1797 752 2112 798 uisi-omn:
2156 750 2545 811 cunonem,
2574 751 2722 795 rou.
2768 748 2871 794 111.
3034 730 3191 813 [mn.
3218 748 3288 793 v1

918 907 1190 1058 praesidia
1217 904 1485 972 collocat.
1575 906 1847 972 Ulterius
1874 905 2189 991 procedere
2218 904 2567 993 prohibetur
2596 902 2669 969 ab
2715 900 2974 968 O'Nello
3002 902 3143 967 licet
3170 902 3311 967 viri-

965 1019 1032 1059 us
1062 994 1206 1059 satis
1231 992 1511 1073 invalido,
1542 995 1647 1078 qui
1674 1002 1813 1081 post
1862 994 2075 1059 Blunti
2122 994 2379 1058 reditum
2432 988 2829 1057 Ardmacham
2870 988 3190 1075 improviso
3220 989 3312 1055 in-

921 1103 1158 1167 gressus
1189 1081 1734 1168 propugnatoribus
1761 1102 1947 1165 equos
1977 1101 2184 1145 omnes
2210 1080 2466 1146 aufertl*

1646 1342 2181 1351 ----——.—-—.-—————--
2190 1342 2242 1349 ι..
2262 1342 2427 1350 ----
2437 1344 2460 1348 -
2469 1342 2591 1349 —ae—-.
2613 1342 2673 1350 —ao

1967 1527 2147 1595 CAP.
2194 1528 2271 1593 V.

1473 1741 1764 1798 O’Donelli
1792 1742 1935 1796 vires
1960 1758 2159 1812 magna
2179 1748 2338 1813 parte
2361 1740 2757 1813 infringuntur.

924 1973 1347 2040 O'Doummus
1394 1969 1556 2035 solus
1603 1968 1851 2055 integris
1896 1965 2123 2032 viribus
2168 1964 2449 2053 pollebat,
2479 1966 2577 2031 cui
2606 1972 2748 2031 sunt
2775 1966 2939 2033 hunc
2966 1969 3031 2033 in
3060 1968 3307 2037 modum

922 2062 1178 2127 maxima
1207 2065 1372 2144 parte
1401 2063 1683 2123 contusae.
1774 2052 1956 2125 Quod
2002 2054 2150 2117 fines
2200 2075 2341 2118 suos
2386 2053 2682 2139 prosperis
2712 2053 2935 2205 firaeliis
2963 2062 3119 2120 terra
3144 2064 3306 2123 tuta-

922 2147 1120 2224 batur,
1149 2145 1558 2209 Connachtam
1588 2141 1726 2205 belli
1755 2141 1955 2205 sedem
1982 2139 2224 2218 faciens,
2256 2139 2455 2204 classis
2484 2140 2550 2205 in
2570 2143 2715 2227 Ang
2740 2140 2793 2207 'a
2818 2142 3153 2221 instruitur,
3174 2168 3306 2229 quae

923 2234 1079 2297 inter
1109 2232 1387 2309 Scotiam‚
1417 2238 1478 2295 et
1505 2227 1805 2293 Iberniam
1836 2232 2003 2291 vecta
2029 2227 2094 2290 in
2124 2225 2385 2291 Feurum
2403 2226 2597 2293 lacum
2624 2226 2689 2291 in
2720 2228 2846 2314 ejus
2874 2228 3095 2295 finibus
3124 2232 3305 2295 situm

923 2318 1231 2406 appellit.†
1321 2316 1398 2381 In
1425 2339 1494 2381 ea
1522 2314 1725 2379 nullus
1775 2312 2031 2393 Ibernus
2074 2313 2203 2378 noti
2232 2313 2490 2378 nominis
2519 2320 2645 2379 erat
2685 2321 2897 2399 praeter
2926 2315 3305 2383 Melmarium

924 2408 1064 2473 Mac
1094 2404 1412 2471 Suinnium
1438 2402 1781 2479 Tuethium‚
1811 2400 1917 2485 qui
1944 2400 2131 2465 iratus
2160 2399 2234 2465 ab
2265 2399 2599 2465 O'Donello
2643 2400 2969 2467 defecerat:
3014 2404 3079 2468 in
3107 2405 3299 2490 ipsum

923 2494 999 2559 ad
1029 2494 1155 2559 Iter
1183 2491 1481 2557 Pallidum
1511 2512 1580 2553 eo
1611 2489 1727 2566 die,
1759 2510 1877 2573 quo
1907 2486 2224 2552 Cliffordus
2252 2488 2480 2552 occisus
2524 2493 2632 2566 est,
2665 2490 2973 2575 pugnavit,
3002 2496 3063 2555 et
3090 2490 3155 2555 in
3182 2490 3298 2557 La·

923 2582 1100 2665 genia
1115 2580 1346 2645 fortiter
1363 2578 1649 2641 dimicans
1671 2576 1744 2639 ab
1761 2574 2008 2640 Essexio
2040 2574 2259 2659 equitis
2280 2575 2493 2639 Aurati
2515 2574 2754 2641 nomine
2776 2575 2853 2642 ob
2877 2578 3155 2642 virtutem
3182 2578 3301 2643 fuit

924 2668 1199 2746 donatuS,
1259 2673 1318 2730 et
1372 2664 1512 2729 inde
1568 2664 1632 2727 in
1690 2661 1974 2746 Angliam
2043 2661 2362 2747 profectus.
2453 2659 2592 2733 Qua
2661 2662 2801 2727 verb
2870 2670 3047 2729 nocte
3115 2664 3300 2750 Angli

921 2756 988 2820 in
1044 2755 1206 2819 hunc
1261 2760 1502 2839 portum
1559 2757 1869 2829 venerunt,
1914 2770 1985 2813 ex
2038 2749 2176 2813 navi
2224 2770 2351 2813 sese
2422 2748 2486 2813 in
2548 2770 2709 2813 mare
2778 2750 3171 2836 praecipitans,
3242 2760 3305 2817 et

921 2842 1123 2908 nando
1203 2841 1475 2916 evadens,
1563 2834 2085 2921 O'Donellumque
2184 2834 2406 2915 adiens,
2480 2840 2541 2900 et
2609 2836 2777 2901 flexis
2847 2835 3101 2923 genibus
3172 2861 3303 2925 pre-

923 2938 1110 3007 catae,
1185 2928 1436 3004 veniam,
1525 2932 1586 2989 et
1657 2925 1922 2989 omnium
1980 2942 2180 2987 rerum
2236 2944 2477 2987 suarum
2546 2924 2981 2989 restitutionem
3054 2924 3303 2993 obtinet.

923 3016 1129 3101 Angli,
1204 3016 1309 3100 qui
1381 3018 1587 3099 quater
1674 3009 1839 3075 mille
1910 3020 2077 3075 erant
2165 3009 2317 3075 duce
2412 3008 2677 3075 Heni-ico
2768 3010 3033 3077 Dockrio
3105 3016 3304 3098 equite

723 3130 904 3201 [pst]
925 3104 1155 3167 Aurato
1243 3101 1276 3165 ὲ
1361 3098 1613 3165 navibus
1700 3096 2124 3162 descendentes
2207 3095 2446 3162 Lucum
2534 3096 2825 3181 oppidum
2928 3100 3297 3197 episcopaless

923 3188 1068 3253 Divi
1145 3184 1454 3253 Columbae
1531 3183 1804 3271 praesidio
1880 3182 2106 3247 clarum
2181 3182 2338 3248 lacui
2411 3184 2747 3263 imminens,
2814 3193 2874 3249 et
2920 3186 3307 3252 immunitum

922 3280 1236 3359 occupant,
1267 3278 1328 3338 et
1356 3294 1549 3359 opere,
1569 3270 2174 3355 machinamentisque
2201 3270 2543 3352 muniunt.‡
2634 3270 2907 3337 Secundo
2938 3272 3095 3359 die,§
3128 3274 3308 3359 quam

920 3363 987 3427 in
1031 3368 1250 3426 terram
1301 3360 1684 3437 exsiluerunt,
1738 3355 2111 3422 O'Donellus
2158 3378 2471 3423 accurrens
2516 3362 2755 3421 centum
2814 3362 3121 3446 sexaginta
3170 3370 3306 3427 octo

921 3471 1108 3535 equos
1135 3448 1219 3513 eis
1271 3446 1497 3524 adimit,
1547 3452 1608 3511 et
1653 3466 1859 3509 rursus
1910 3464 2094 3529 equos
2137 3444 2313 3530 juxta
2359 3442 2647 3531 oppidum
2678 3453 2983 3530 pascentes
3012 3447 3307 3513 Catholici

918 3528 2691 3704 2253?ssqussss{iffiffifssfifffiuffiffiff‘sseifflffi
2705 3532 2836 3683 {220
2882 3532 3075 3686 ἓξὲξ
3102 3532 3307 3687 ῗὲἰῖᾇ

920 3644 1538 3793 vulnerat.gnAnglus
1595 3727 1775 3793 eques
1834 3703 2223 3770 bombardula
2274 3705 2447 3789 juxta
2505 3704 2699 3790 posita
2756 3670 3024 3772 Danielis
3084 3707 3305 3775 O’Gal-

917 3796 1176 3863 lachuris
1204 3796 1420 3882 equitis
1449 3794 1654 3860 Iberni
1704 3793 1946 3858 oculum
1990 3794 2210 3857 nitrato
2253 3790 2495 3878 pulvere
2546 3790 2862 3872 comburit,
2894 3794 2999 3859 sed
3027 3794 3305 3881 plumbea

921 3886 1093 3971 glans
1121 3892 1336 3971 praeter
1364 3882 1624 3959 oculum,
1655 3888 1716 3944 et
1763 3902 1936 3945 nares
1986 3878 2293 3944 emittitur.
2384 3877 2598 3943 Daniel
2649 3886 2881 3945 extorta
2922 3880 3309 3948 bombardula

921 3972 1110 4058 Angli
1139 3978 1318 4057 caput
1347 3966 1770 4035 contundendo
1801 3968 2107 4032 cerebrum
2136 3964 2432 4052 exprimit.
2521 3966 2618 4030 An
2664 3964 2707 4029 li
2734 3966 2800 4031 in
2828 3968 3119 4055 oppidum
3147 3992 3307 4035 com-

921 4060 1247 4146 pelluntur,
1275 4055 1439 4121 unde
1465 4054 1676 4153 postea
1703 4052 1836 4119 raro
1865 4050 2273 4138 erumpebant.
2306 4050 2539 4117 Idcirco
2570 3986 2941 4119 OssDonellus
2970 4054 3014 4121 J
3015 4056 3310 4122 ohannem

923 4146 1367 4213 O'Dochartam
1396 4142 1660 4207 Imsonae
1717 4140 2066 4226 principem,
2116 4146 2178 4204 et
2222 4137 2472 4203 Nellum
2505 4137 2909 4206 O'Donellum
2954 4144 3309 4229 cognomine

995 4397 1020 4423 ⁶
1059 4389 1335 4461 Probably
1359 4387 1456 4442 the
1480 4384 1636 4439 affair
1660 4380 1910 4437 referred
1932 4387 2011 4443 to,
2040 4378 2179 4443 Oox,
2204 4396 2256 4451 p.
2280 4380 2405 4443 438,
2439 4376 2606 4441 June,
2636 4380 2792 4432 1601.

995 4465 1034 4515 ’1-
1071 4464 1221 4535 May,
1251 4456 1636 4515 1600.-F0ur
1662 4454 1917 4517 Masters,
1978 4489 1993 4504 .
2012 4454 2169 4505 2189.

997 4538 1028 4606 ζ
1067 4535 1220 4590 Four
1247 4532 1504 4591 Masters,
1528 4546 1583 4598 p.
1612 4524 1895 4589 2193,and
1978 4523 2205 4577 owkra’s
2230 4518 2764 4577 Narrative.—Ibid.

996 4608 1027 4674 ὅ
1066 4606 1156 4661 On
1178 4606 1272 4658 the
1289 4602 1422 4657 29th
1449 4599 1515 4653 of
1541 4598 1578 4652 J
1581 4598 1694 4669 uly,
1725 4599 1879 4659 1600,
1906 4594 2204 4664 according
2229 4600 2288 4646 to
2314 4592 2577 4653 Dowkra,
2602 4592 2725 4646 who
2750 4592 2951 4646 admits
2975 4591 3098 4645 that
3124 4590 3177 4645 in
3214 4590 3309 4645 the

925 4678 1046 4748 fray
1070 4677 1140 4730 he
1163 4692 1272 4731 was
1312 4678 1351 4709 “
1373 4670 1632 4742 deprived
1668 4666 1735 4722 of
1766 4667 1850 4720 his
1893 4683 2088 4730 sennes,
2130 4663 2240 4718 and
2275 4663 2361 4733 lay
2401 4662 2487 4717 for
2514 4663 2709 4716 dead.”
2782 4662 3153 4735 Maelmurray
3180 4662 3308 4717 Mac

927 4749 1124 4818 Suiney
1149 4762 1258 4800 was
1282 4752 1341 4800 at
1378 4743 1488 4796 this
1526 4741 1657 4793 time
1699 4738 1756 4792 in
1797 4738 2085 4793 Dowkra's
2124 4752 2297 4806 army,
2322 4734 2429 4787 and
2452 4750 2563 4786 was
2588 4733 2682 4786 the
2705 4751 2905 4803 person
2932 4734 3053 4789 who
3078 4741 3180 4807 put
3216 4734 3311 4787 the

926 4820 1115 4873 horsea
1137 4818 1254 4869 into
1277 4814 1408 4870 aed
1431 4812 1645 4883 Hugh's
1668 4826 1871 4881 power.
1948 4808 2053 4862 See
2076 4804 2232 4862 Four
2257 4804 2513 4868 Manere,
2536 4820 2592 4875 p.
2620 4805 2781 4866 2207.
