3634 5842
878 745 1003 808 316
1280 741 1693 810 o’sunnnvffl1
1737 762 2046 808 msa-om
2090 721 2474 822 cunonem,
2516 760 2666 808 rou.
2697 760 2787 806 1v.
2990 739 3145 825 [un.
3182 759 3262 806 11.

878 913 1031 982 nihil
1058 919 1285 1000 agetur.
1337 915 1585 982 Frustra
1611 937 1789 980 suum
1815 915 2229 1002 magistratum
2256 913 2299 978 J
2301 935 2556 980 oannem
2581 913 2907 980 clamitant.
2950 913 3262 980 Incassum

880 1001 1161 1067 clamores
1191 1001 1553 1068 diffundunt.
1639 1001 1919 1087 Namque
1948 1024 2069 1082 eos,
2099 1003 2204 1087 qui
2251 1000 2688 1088 parlamentarii
2734 1023 2860 1068 non
2909 1005 3072 1079 sunt,
3101 999 3264 1086 prius

881 1093 1117 1174 oportet
1143 1089 1352 1154 e‘icere
1378 1088 1533 1169 aulA,
1564 1111 1741 1174 quam
1770 1088 2182 1204 magistratum
2209 1110 2428 1154 creare.
2512 1087 2616 1153 Ita
2641 1095 2732 1154 est
2759 1085 3026 1152 moribus
3065 1086 3264 1174 prodi-

881 1181 1033 1254 tum,
1062 1173 1183 1260 leg}
1222 1196 1413 1263 usque
1442 1175 1876 1241 constitutum?
1981 1175 2079 1240 Ex
2106 1174 2292 1240 altera
2316 1183 2484 1262 parte
2505 1197 2687 1261 eques
2713 1174 2951 1261 Anglus
2995 1195 3262 1260 surgens,

882 1262 1158 1345 forasque
1184 1263 1406 1342 exiens,
1438 1267 1479 1298 “
1496 1285 1720 1343 omnes,
1750 1261 1967 1347 inquit,
1999 1262 2106 1347 qui
2125 1285 2162 1326 a
2175 1263 2332 1348 regis
2353 1269 2520 1348 parte
2541 1267 2722 1342 stant,
2751 1284 2849 1327 me
2876 1259 3262 1346 sequantur.”

884 1347 1170 1434 Legitimi
1222 1350 1291 1414 in
1347 1349 1485 1416 auls
1540 1349 1652 1414 soli
1708 1355 2072 1428 manserunt,
2131 1370 2386 1434 quorum
2441 1371 2600 1414 unus
2655 1347 2742 1414 ita
2811 1353 3053 1414 caeteros
3123 1345 3266 1413 allo-

886 1435 1109 1520 quitur.

973 1526 1016 1557 “
1036 1521 1195 1588 Ecce
1220 1522 1336 1588 ista
1364 1521 1645 1588 colluvies
1673 1520 1876 1601 abivit,
1906 1523 2062 1588 etin
2089 1520 2304 1588 malam
2329 1544 2565 1588 crucem
2591 1521 2795 1588 abivit.
2855 1519 3042 1586 Hunc
3069 1519 3270 1586 locum

884 1606 1079 1688 nobis,
1110 1609 1326 1695 quibus
1347 1610 1481 1696 jure
1509 1607 1775 1688 debetur,
1807 1609 2067 1695 reliquit.
2155 1607 2296 1674 Hoc
2322 1631 2528 1675 omnes
2555 1607 2923 1695 optabamus,
2954 1606 3270 1692 Deumque

885 1695 1278 1763 immortalem
1306 1718 1374 1761 ro
1450 1695 1681 1762 bamus.
1768 1695 1908 1762 Hoc
1935 1717 2145 1776 unum,
2174 1703 2248 1761 ut
2274 1696 2474 1762 omnia
2501 1693 2774 1782 praeclare
2811 1715 3138 1782 ageremus,
3169 1693 3270 1760 de-

887 1781 1306 1850 siderabamus.
1374 1719 1557 1870 811130
1605 1781 2083 1870 quandoquidem
2130 1783 2257 1848 voti
2305 1791 2610 1869 compotes
2653 1804 2879 1861 sumus,
2927 1788 2990 1848 et
3031 1785 3270 1847 tantum

888 1867 1240 1936 beneficium
1268 1869 1307 1934 a
1332 1868 1465 1936 Deo
1491 1871 1595 1936 ino
1636 1871 1874 1936 inantea
1917 1870 2268 1956 accepimus,
2315 1876 2600 1957 superest,
2631 1877 2702 1934 ut
2731 1868 2924 1934 eidem
2949 1867 3128 1934 fidem
3156 1866 3270 1932 sol·

888 1977 1118 2037 vamus,
1147 1958 1261 2023 hoc
1290 1963 1381 2023 est
1399 1957 1577 2024 fidem
1592 1893 1960 2024 &athonem
1974 1956 2237 2022 hocloco
2263 1962 2574 2022 tueamur:
2619 1977 2728 2042 pro
2757 1957 2878 2042 qua
2903 1954 3272 2040 sanguinem,

685 2039 866 2106 [244.]
890 2043 943 2108 si
968 2065 1206 2144 necesse
1234 2043 1331 2124 sit,
1363 2043 1691 2142 diffundere
1742 2042 2042 2109 debemus.
2055 2046 2083 2127 ΙΙ
2109 2129 2123 2144 ·
2173 2042 2276 2111 Ad
2301 2043 2415 2110 hoc
2443 2043 2738 2144 majorum
2765 2041 3033 2142 exemplo
3060 2041 3273 2141 invita·

888 2151 1044 2282 33¹1?
1076 2130 1611 2301 Qatnu&
1648 2131 1925 2282 &32²
1937 2128 3011 2303 vfssfflfflbffiffiffi’
3046 2134 3276 2300 32²²,ss

892 2300 1053 2368 enim
1078 2303 1377 2368 innumeri
1405 2303 1594 2368 nostri
1631 2302 1966 2402 populares,
1997 2304 2440 2388 consanguinei,
2467 2303 2696 2383 fratres,
2727 2310 2788 2368 et
2815 2309 3010 2390 patres
3037 2323 3145 2388 pro
3165 2301 3278 2367 hac

890 2387 1176 2475 religione
1224 2389 1456 2456 fortiter
1504 2389 1850 2456 dimicantes
1897 2390 1964 2454 in
2007 2389 2132 2454 acie
2175 2388 2508 2475 gloriosius,
2537 2398 2600 2456 et
2627 2389 2887 2456 sanctius
2916 2388 3276 2468 cecideruut,

893 2497 1071 2560 quam
1098 2498 1210 2542 nos
1238 2475 1487 2542 eandem
1512 2478 1577 2542 in
1598 2475 1827 2562 judicio
1853 2475 2215 2563 profitentes,
2245 2482 2424 2562 atque
2452 2476 2832 2544 defendentes
2857 2477 3196 2556 moriemur,
3223 2474 3278 2540 si

894 2561 1140 2627 Summo
1178 2561 1267 2628 illi
1306 2585 1507 2629 rerum
1550 2562 1879 2642 Conditori,
1911 2562 2016 2648 qui
2044 2562 2390 2650 corporibus
2417 2565 2639 2630 nostris
2667 2564 2893 2630 animas
2918 2562 3161 2641 infudit,
3190 2561 3278 2627 ita

890 2649 1102 2735 placet,
1132 2655 1205 2714 ut
1232 2672 1330 2716 eas
1356 2671 1465 2736 pro
1496 2651 1606 2716 sua
1630 2649 1763 2736 lege
1791 2649 2019 2715 tuenda
2044 2649 2380 2717 reddamus.
2467 2649 2610 2722 Qud.
2651 2647 2810 2717 certe
2836 2655 3026 2716 morte
3047 2649 3176 2747 jam
3201 2669 3274 2712 ex

891 2736 1157 2822 ancipiti,
1186 2735 1530 2823 lubricaque
1550 2759 1747 2802 rerum
1775 2735 2168 2803 humanarum
2189 2738 2304 2816 via,
2323 2759 2398 2804 ex
2425 2743 2520 2803 tot
2539 2737 2807 2818 miseriis,
2829 2759 2907 2802 ex
2919 2743 3104 2802 tantis
3121 2733 3276 2802 cala-

888 2823 1166 2888 mitatum
1216 2823 1470 2890 cumulis
1519 2823 1597 2892 ad
1644 2830 1928 2890 aetemam
1975 2823 2139 2889 illam
2167 2825 2446 2909 quietem,
2478 2821 3082 2909 tranquillitatemque
3110 2821 3276 2888 brevi

888 2911 1315 2996 perveniemus
1406 2911 1514 2976 Sin
1542 2909 1719 2978 simul
1747 2910 1923 2977 nobis
1951 2918 2060 2991 est,
2091 2916 2152 2976 et
2179 2911 2518 2990 vivendum,
2546 2918 2608 2976 et
2633 2909 2842 2997 religio
2887 2907 3275 2990 defendenda,

889 2995 1109 3062 nostris
1135 2996 1457 3082 majoribus
1484 2997 1704 3064 virtute
1734 2997 1993 3083 quidem,
2023 3004 2086 3062 et
2111 2999 2336 3064 meritis
2405 3020 2550 3077 ares,
2581 2995 2686 3064 sed
2714 2997 3029 3077 faelicitate,
3059 3003 3118 3062 et
3148 2995 3277 3083 glo-

888 3082 980 3147 ria
1006 3084 1335 3169 superiores
1363 3085 1619 3150 erimus:
1666 3092 1727 3150 et
1755 3104 1892 3170 quae
1919 3083 2204 3150 hactenus
2235 3107 2271 3150 a
2297 3106 2378 3150 no
2419 3085 2471 3150 is
2499 3085 2776 3172 segniter,
2807 3092 2868 3151 et
2895 3084 3106 3150 inscite
3133 3089 3276 3148 sunt

890 3175 1039 3248 acta,
1090 3170 1489 3235 resarcietuus.
1578 3169 1795 3256 Neque
1841 3170 2169 3236 timendum
2219 3177 2330 3250 est,
2375 3193 2454 3236 ne
2496 3171 2610 3238 hoc
2639 3177 2858 3238 conatu
2883 3171 3041 3258 regis
3067 3169 3276 3258 majes-

890 3261 1075 3320 tatem
1101 3253 1406 3337 laedamus,
1435 3277 1573 3321 cum
1601 3258 1727 3341 ipse
1754 3257 2131 3344 potissimum
2156 3257 2272 3323 hoc
2300 3279 2504 3324 curare
2533 3257 2760 3338 debeat,
2790 3257 3056 3344 nihilque
3083 3257 3164 3322 sit
3190 3255 3282 3322 illi

890 3339 987 3406 vel
1012 3343 1375 3408 necessarius
1404 3343 1479 3408 ad
1506 3343 1718 3409 animae
1746 3343 1997 3410 salutem
2025 3344 2468 3428 assequendam,
2497 3344 2595 3410 vel
2635 3343 2928 3411 salubrius
2956 3344 3032 3410 ad
3057 3344 3278 3430 princi-

890 3433 1100 3514 patum
1148 3451 1395 3495 suorum
1440 3451 1763 3516 regnorum
1809 3429 2138 3497 tuendum:
2186 3431 2406 3516 quique
2447 3432 2808 3498 contrarium
2835 3438 3127 3497 conantur
3154 3453 3280 3495 non

892 3515 1049 3601 regis
1104 3515 1363 3583 utilitate
1417 3525 1782 3596 moveantur,
1846 3515 1950 3582 sed
2027 3516 2239 3582 insana
2285 3517 2630 3604 cupiditate,
2673 3517 3036 3605 ingenteque
3081 3517 3282 3582 furore

893 3607 1165 3688 agantur.
1254 3603 1437 3691 Agite
1463 3603 1667 3690 igitur.
1756 3603 1908 3669 Eam
1939 3602 2284 3689 religionem
2316 3604 2632 3684 defendite,
2662 3626 2770 3690 pro
2800 3606 2920 3690 qua
2948 3603 3280 3692 speciosum

894 3697 987 3755 est
1013 3711 1297 3778 pugnare,
1329 3713 1436 3777 pro
1466 3691 1585 3775 qua
1611 3689 1860 3756 faelicius
1909 3697 2002 3755 est
2049 3691 2227 3771 vinci,
2258 3714 2436 3777 quam
2465 3699 2672 3758 contra
2698 3689 2862 3757 illam
2889 3692 3143 3771 vincere,
3170 3713 3279 3776 pro

896 3778 1016 3862 qua
1044 3777 1212 3856 mori,
1242 3785 1336 3842 est
1362 3778 1592 3857 vivere3
1623 3799 1803 3862 quam
1824 3799 2200 3864 propugnare
2229 3800 2460 3844 summa
2487 3784 2578 3844 est
2606 3777 2810 3865 gloria.
2857 3776 3282 3866 Magistratum

894 3863 1087 3944 nobis,
1118 3872 1297 3950 atque
1326 3864 1539 3930 ducem
1610 3864 1829 3930 timum
1857 3864 2124 3930 omnium
2154 3864 2650 3950 praefieiamus.”'’‘·

984 3951 1271 4016 Omnium
1300 3950 1525 4016 calculo
1599 3951 1860 4016 ohannes
1886 3949 2220 4016 Everardus
2248 3973 2428 4037 eques
2449 3958 2692 4017 auratus
2718 3953 2811 4018 vir
2837 3952 3107 4018 doctrina
3133 3973 3280 4038 111111-

899 4044 1063 4103 stans
1111 4037 1491 4123 magistratus
1534 4037 1828 4104 inferioris
1874 4037 2026 4103 aulae
2071 4045 2320 4104 creatur.
2409 4037 2650 4105 Interea
2690 4037 2982 4104 haereticis
3025 4059 3144 4124 quo
3187 4060 3279 4117 ue,

940 4125 1005 4190 ui
1054 4125 1445 4191 secessionem·
1489 4123 1749 4190 fecerant
1796 4123 1841 4188 J
1843 4122 2106 4189 ohannes
2150 4124 2336 4190 Davis
2377 4126 2758 4210 magistratus
2801 4133 3053 4192 creatur.
3141 4061 3278 4196 &uo

942 4233 1052 4278 uce
1100 4213 1166 4277 in
1214 4211 1409 4276 aulam
1459 4211 1694 4290 reversi,
1738 4210 2122 4294 videntesque
2151 4209 2518 4278 Everardum
2543 4213 2610 4277 in
2637 4211 2784 4280 sella
2807 4211 3110 4278 sedentem
3139 4210 3282 4297 quid

818 4339 827 4348 -
899 4299 985 4364 rei
1014 4299 1111 4380 sit,
1142 4297 1306 4384 quod
1330 4299 1397 4362 in
1441 4295 1708 4384 praesidis
1751 4297 1886 4362 loco
1924 4297 2143 4378 sedeat,
2171 4298 2590 4386 interrogant?
2635 4297 2974 4387 adjicientes
3023 4321 3088 4365 se
3135 4319 3281 4383 proe·

899 4386 1123 4452 fectum
1174 4407 1418 4464 creasse,
1448 4393 1509 4450 et
1536 4389 1805 4472 oportere
1831 4383 2199 4450 Everardum
2241 4383 2440 4451 locum
2482 4385 2573 4451 illi
2621 4385 2958 4452 concedere.
3047 4383 3284 4457 Quibus

900 4473 1237 4540 Everardus
1284 4471 1609 4558 respondit,
1684 4493 1747 4536 se
1805 4492 1944 4535 eum
2001 4492 2146 4550 esse,
2207 4471 2312 4556 qui
2368 4473 2748 4558 magistratus
2815 4473 3012 4560 potuit
3081 4471 3286 4551 creari,

902 4566 1248 4646 creatusque
1291 4557 1409 4625 fuit
1451 4556 1525 4624 ab
1568 4557 1662 4637 iis,
1714 4579 1896 4644 penes
1942 4579 2092 4643 quos
2142 4567 2268 4624 erat
2311 4559 2546 4625 creandi
2595 4565 2876 4646 potestas,
2923 4567 2986 4625 et
3031 4556 3137 4639 ibi,
3182 4557 3289 4624 ubi

971 4765 996 4791 ⁸
1037 4762 1411 4818 Transcribad
1432 4759 1668 4835 literally
1694 4761 1764 4833 by
1790 4761 2015 4826 Por-ter,
2040 4762 2147 4816 and
2172 4762 2316 4817 from
2341 4763 2454 4817 him
2476 4763 2592 4817 into
2618 4763 2711 4818 the
2737 4761 3011 4820 Hibernia
3033 4763 3290 4822 Domini.

898 4851 1053 4896 cana,
1075 4832 1310 4888 without
1333 4850 1437 4905 any
1460 4833 1964 4906 acknowledgment
1987 4834 2110 4888 that
2125 4833 2171 4887 it
2194 4847 2317 4888 was'
2331 4833 2721 4890 O'Sullevan’s.
