3634 5842
390 737 526 786 car.
558 714 683 806 m]
988 741 1074 786 ns
1102 739 1493 787 mamma
1525 739 1800 790 Anauni·
1827 741 2162 789 nxsurus·
2649 724 2771 790 33⁷

380 891 724 980 Eugenium
796 893 939 960 Mae
996 891 1371 981 Magaunum
1446 894 1835 974 Dubhlinuae,
1893 895 1988 962 vel
2045 894 2339 962 Davidem
2411 893 2775 961 O’Carnium

374 979 614 1046 casiliae
661 981 1215 1068 Archiepisoopum,
1244 981 1341 1046 vel
1384 980 1727 1048 utriuslibet
1774 990 1956 1068 caput
2012 983 2227 1062 tradat,
2256 982 2399 1049 huic
2428 983 2773 1068 quingentae

380 1067 613 1152 argenti
640 1067 843 1152 libraeu
877 1067 1119 1154 praemio
1150 1069 1599 1135 constituuntur
1624 1069 1699 1136 ab
1730 1069 1969 1155 Anglis.
2055 1069 2264 1137 Frater
2290 1069 2548 1134 Thomas
2577 1069 2772 1135 Giral-
2795 1070 2976 1140 [261]

375 1153 560 1218 dinus
606 1153 1035 1222 Franciscanus
1080 1155 1333 1242 insignis
1380 1157 1764 1224 concionator
1804 1162 1867 1222 et
1915 1157 2008 1222 vir
2133 1179 2272 1223 nere
2321 1155 2561 1236 nobilis,
2608 1163 2771 1242 post-

374 1261 565 1393 'ffi‘
591 1241 1043 1395 P‘Xffifflssss
1069 1241 2774 1416 {luassffiffiffnssssgioffessb{331233115‘3213'535333

374 1415 593 1480 incolas
620 1414 897 1482 domibus
924 1422 1201 1482 extractae
1229 1415 1307 1481 ad
1354 1416 1657 1482 hoereticas
1684 1418 2061 1484 caeremonias
2103 1418 2167 1482 in
2195 1416 2418 1503 templa
2445 1417 2629 1482 vincti
2655 1425 2774 1484 tra—

380 1501 627 1567 huntur.
718 1503 901 1575 Quod
948 1504 1139 1570 scelus
1178 1503 1478 1590 fugientes
1522 1511 1876 1570 mercatores
1923 1503 2202 1570 nonnulli
2239 1504 2306 1568 in
2335 1503 2478 1568 alias
2503 1503 2776 1589 regiones

380 1589 732 1675 demigrant.
776 1591 1027 1656 Decimo
1054 1591 1233 1656 tertio
1264 1584 1544 1656 Octobris
1573 1589 1860 1657 Oliverus.
1877 1611 2093 1677 prorex
2119 1597 2328 1657 contra
2355 1589 2686 1657 sacerdotes
2714 1599 2776 1656 et

376 1698 583 1741 corum
612 1683 973 1763 protectores
1002 1677 1238 1743 crudele
1266 1676 1527 1744 edictum
1596 1677 1916 1765 romulgst.

464 1764 647 1829 Anno
680 1766 849 1830 1618
880 1763 1251 1831 O’Kahanus
1298 1765 1365 1830 in
1410 1764 1547 1830 Lon
1588 1765 1779 1830 inensi
1829 1785 1962 1832 arce
2003 1785 2304 1829 summum
2335 1763 2494 1830 diem
2522 1763 2772 1830 elausitt

382 1849 556 1934 cujus
586 1872 743 1915 mors
791 1851 945 1916 nihil
992 1851 1132 1917 laeta
1159 1851 1277 1916 fuit
1311 1850 1588 1918 Iberniae.
1676 1851 1866 1938 Cujus
1891 1849 2224 1916 infelicitati
2250 1851 2315 1915 id
2345 1851 2526 1916 etiam
2553 1850 2774 1918 adscri-

378 1933 642 2001 bendum
671 1943 764 2003 est
790 1938 951 2024 quod
980 1937 1187 2004 eodem
1216 1961 1375 2004 anno
1406 1943 1477 2004 2⁰
1508 1937 1551 2003 J
1551 1939 1677 2003 uln
1710 1961 1813 2004 sex
1842 1937 2245 2003 adolescentes
2287 1935 2511 2018 Iberni,
2541 1961 2776 2023 magnae

379 2020 725 2102 nobilitatis,
756 2024 973 2090 indolis
1022 2033 1085 2091 et
1132 2026 1373 2091 virtutis
1407 2047 1547 2092 cum
1590 2025 1801 2090 Tui-cis
1845 2031 2084 2090 strenue
2113 2023 2461 2090 dimicantes
2489 2025 2777 2112 perierint

378 2111 450 2174 ed
476 2110 674 2176 navali
699 2111 964 2192 victoris,
996 2134 1116 2198 qua
1144 2111 1420 2198 Hispana
1456 2112 1658 2177 classis
1704 2112 2035 2190 Turcicam‚
2069 2133 2201 2196 quae
2242 2134 2425 2177 unam
2454 2133 2528 2176 ex
2555 2111 2773 2177 Fortu-

376 2198 539 2262 natis
562 2197 775 2263 insulis
811 2197 1158 2279 devastavit,
1188 2199 1351 2278 vicit,
1382 2205 1453 2264 ut
1478 2197 1621 2264 alibi
1649 2199 1865 2266 litteris
1891 2198 2188 2264 mandavi.
2255 2197 2360 2263 Illi
2387 2206 2530 2264 sunt
2557 2198 2777 2264 Daniel

375 2283 555 2349 frater
584 2307 771 2365 meus,
801 2285 1141 2352 adolescens
1177 2307 1396 2372 magno
1438 2285 1669 2365 robore,
1714 2285 1865 2351 mira
1912 2285 2224 2371 pugilandi
2251 2286 2394 2350 artis
2422 2284 2774 2352 dexteritate

377 2378 439 2434 et
464 2370 695 2457 ingenti
724 2373 921 2439 animo
950 2374 1257 2460 praeditus,
1286 2373 1522 2460 tragula
1546 2381 1757 2460 pectus
1786 2375 2116 2438 confossus.
2143 2371 2461 2458 Philippus
2488 2373 2774 2459 patruelis

376 2479 543 2522 meus
571 2458 862 2545 imprimis
890 2459 1114 2540 dexter,
1143 2462 1361 2546 partim
1404 2461 1559 2526 ferro
1587 2460 1953 2539 vulneratus,
2003 2459 2219 2544 partim
2253 2460 2398 2546 igne
2424 2459 2774 2526 combustus

374 2555 437 2609 et
464 2544 707 2609 tandem
736 2548 892 2630 aqua
920 2544 1279 2612 submersus.
1311 2545 1527 2611 Daniel
1556 2546 1696 2612 Mac
1725 2546 1966 2612 Garrboe
1995 2545 2176 2612 Fusci
2203 2567 2410 2633 nepos,
2438 2545 2770 2627 Cornelius,

374 2630 741 2696 O'Driscolis
786 2653 993 2717 nepos,
1044 2632 1355 2698 Cornelius
1403 2632 1691 2698 O'Bellus
1720 2639 1781 2698 et
1809 2631 2148 2698 Gulielmus
2176 2631 2542 2698 Giraldinus.
2632 2633 2772 2704 Qua

372 2718 437 2788 in
487 2739 692 2803 pugna
738 2739 930 2786 raram
975 2724 1157 2806 atque
1203 2719 1415 2784 miram
1466 2719 1744 2785 virtutem
1764 2792 1769 2798 .
1791 2718 2070 2804 prostitit
2111 2717 2424 2784 Cornelius
2451 2718 2772 2786 O'Driscol

373 2803 631 2873 Ibernise
678 2805 943 2872 cohortis
990 2806 1115 2871 dux
1166 2805 1271 2890 qui
1319 2827 1525 2904 sospes
1572 2812 1681 2869 est.
1773 2803 1892 2870 Sed
1935 2803 2184 2870 ultimus
2227 2803 2486 2870 adversas
2513 2805 2771 2872 fortunae

372 2892 531 2957 ictus
558 2897 667 2972 est,
700 2893 863 2977 quod
910 2890 1140 2958 decimo
1168 2896 1337 2991 sexto
1379 2891 1475 2958 die
1504 2891 1725 2990 mensis
1754 2891 2039 2978 ejusdem,
2072 2888 2507 2992 O'Sullevanus
2533 2889 2770 2958 Bearrae

372 2999 763 3145 bulelrfffliobn
761 2987 1093 3132 &gigni-:ung
1092 2978 1357 3133 offlds
1366 2999 1679 3131 Ἐῖξὶῗιῖῗ
1680 2975 2226 3152 Αῗιὲἳξῒ-Ιξὲξέἒεῗη
2219 2983 2444 3150 d'piidse
2425 2975 2510 3131 5?
2505 3000 2771 3130 81ῗῖἰὲῖῖ

372 3175 519 3218 1111111
542 3152 689 3218 adeo
717 3153 908 3240 gratia
1013 3152 1215 3233 llebat,
1234 3159 1305 3218 ut
1322 3155 1499 3220 etiam
1530 3151 1605 3218 ab
1628 3175 1719 3232 e0,
1825 3153 2100 3232 trocinio,
2123 3158 2186 3218 et
2213 3152 2574 3218 authoritate
2601 3152 2770 3218 adiu-

371 3250 473 3305 tus
522 3239 820 3307 beneficiis
974 3247 1245 3320 coretum
1311 3245 1374 3305 et
1418 3240 1575 3306 inter
1624 3240 1743 3306 fam
1793 3239 2108 3306 'arissimos
2156 3238 2398 3306 habitus
2454 3239 2536 3304 sit
2590 3241 2770 3306 etiam

370 3327 617 3393 domum
644 3333 937 3414 receptus,
956 3333 1019 3394 et
1044 3328 1111 3393 in
1137 3349 1401 3393 mensam
1431 3326 1762 3394 admissus:
1810 3349 2060 3414 quorum
2094 3327 2512 3393 beneficiorum
2529 3325 2770 3416 ‘Johan-

370 3435 479 3478 nes
525 3415 854 3494 immemor,
904 3437 977 3480 eo
1020 3415 1103 3480 im
1146 3413 1409 3480 udentiae
1457 3415 1765 3500 prooessit,
1814 3423 1890 3480 ut
1937 3413 2054 3480 levi
2157 3414 2170 3427 '
2235 3436 2343 3480 um
2370 3413 2772 3480 controversia

370 3505 499 3570 orta
549 3499 626 3566 ob
671 3501 953 3588 pecunias
979 3500 1057 3567 ab
1085 3438 1482 3567 &sullevano
1523 3507 1736 3566 mutuo
1778 3500 1966 3580 datas,
1993 3501 2059 3566 in
2102 3523 2137 3566 e
2163 3501 2244 3566 sit
2269 3523 2451 3566 ausus
2476 3501 2632 3566 tanti
2659 3501 2772 3566 viri

371 3587 707 3656 clarissimae
756 3587 1055 3655 nobilitati
1099 3610 1291 3676 genus
1340 3609 1519 3654 suum
1568 3588 1727 3675 apud
1778 3587 2050 3667 Ibernos,
2091 3593 2153 3652 et
2201 3586 2456 3672 AngloS‚
2485 3585 2523 3650 ὲ
2551 3585 2770 3672 quibus

370 3676 577 3756 oritur,
608 3673 851 3742 minime
880 3675 1133 3742 sublime
1161 3675 1447 3742 conferre.
1534 3673 1719 3747 Quod
1747 3697 1905 3760 aegre
1931 3674 2128 3738 ferens
2154 3673 2470 3760 Philippus
2493 3672 2766 3738 O’Sulle-

371 3763 507 3828 vani
536 3762 838 3850 patruelis,
910 3763 979 3828 ui
1004 3763 1160 3830 hanc
1185 3762 1494 3828 historiam
1525 3760 1750 3841 scribit,
1781 3783 1918 3827 cum
1957 3759 2002 3825 J
2002 3760 2238 3826 ohanne
2265 3783 2336 3826 ea
2363 3759 2438 3825 de
2465 3782 2530 3826 re
2557 3781 2766 3846 expos—

367 3849 544 3916 tulat.
628 3848 809 3915 Unde
912 3849 1089 3916 adriti
1108 3850 1285 3936 juxta
1310 3849 1545 3935 regium
1583 3849 2012 3914 monasterium
2039 3847 2164 3913 divi
2184 3846 2490 3912 Dominici
2516 3853 2768 3932 uterque

254 3941 271 3958 ⁶
367 3935 621 4001 alterum
648 3937 855 4002 stricto
883 3937 1084 4024 gladio
1112 3935 1478 4022 aggreditur.
1566 3935 1820 4022 Incepto
1838 3933 2158 4000 certamine
2186 3932 2229 3998 J
2230 3933 2494 4000 ohannes
2522 3933 2767 4018 ingente

444 4045 583 4121 vore
632 4023 959 4122 perculsus,
1006 4030 1069 4090 et
1118 4045 1323 4090 vocem
1372 4021 1619 4122 efferens
1636 4022 1793 4122 ‘loco
1823 4044 2054 4108 semper
2081 4019 2368 4122 cedebatz
2413 4027 2476 4086 et
2503 4019 2676 4086 illum
2701 4021 2768 4085 iu

424 4130 515 4174 cie
559 4108 877 4194 Phihppus
929 4132 1081 4176 caesa
1124 4109 1474 4189 vulneravit,
1518 4116 1582 4174 et
1630 4109 2070 4188 interfecturus,
2100 4106 2432 4186 videbatur,
2462 4129 2584 4173 nisi
2627 4129 2764 4172 eum

364 4193 725 4260 Edmundus
768 4196 1074 4276 O’Morra,
1104 4202 1167 4262 et
1218 4196 1499 4263 Giraldus
1542 4195 1687 4261 Mac
1714 4196 1910 4262 Moris
1951 4195 2028 4262 ab
2059 4194 2458 4262 O’Sullevano
2485 4193 2673 4273 missi,
2705 4199 2767 4260 et

362 4282 486 4350 duo
515 4305 549 4348 e
590 4281 747 4347 uites
776 4281 1037 4383 Hispani
1068 4285 1478 4382 protexissent,
1508 4281 1976 4370 Philippumque
2018 4282 2320 4369 apparitor
2345 4279 2766 4368 deprehendis-

361 4379 472 4436 set.
743 4369 920 4434 multi
946 4370 1214 4456 undique
1262 4369 1706 4449 confluxissent,
1736 4372 1896 4436 inter
1923 4375 2170 4436 caeteros
2197 4367 2633 4434 O’Sullevanus
2661 4365 2766 4434 ad-

360 4458 529 4524 venit
574 4457 725 4524 laeva
768 4477 957 4522 manu
1005 4457 1313 4538 rosarium,
1342 4465 1405 4524 et
1452 4456 1695 4523 dextera
1734 4457 2062 4524 chirotecas
2104 4477 2355 4542 gerens,
2427 4453 2625 4526 Quem
2656 4453 2698 4519 J
2699 4477 2766 4520 o·

362 4544 591 4696 hffies
618 4543 1001 4696 consp‘ihcatus
1024 4545 1353 4696 incautum,
1386 4543 1535 4610 nihil
1562 4543 1896 4695 fimenoess’
1925 4550 1989 4610 et
2014 4542 2132 4695 allio
2160 4540 2766 4694 aspicienffiubgto

362 4653 399 4694 a
841 4631 1641 4697 ‘o'terturam‘tento
1878 4635 2418 4696 vamacertamco
2569 4629 2742 4695 'eno

363 4725 425 4782 et
452 4655 657 4784 rui-{1³:22
685 4631 899 4805 gili'itur
942 4655 1209 4786 i’ldriendo
1252 4653 1489 4784 occidlii.
1575 4651 1898 4804 Phiplirpus
1923 4717 2132 4784 lictore
2159 4717 2380 4784 frustra
2406 4715 2672 4784 luctante
2696 4677 2764 4786 iti

365 4803 605 4872 domum
654 4807 1012 4956 mgf3⁰hi⁰¹¹i⁵
1065 4805 1359 4878 Seneceiae
1390 4803 1721 4873 Galliarum
1772 4804 1934 4893 egati
1961 4827 2088 4872 sese
2117 4801 2366 4893 abdidit.
2453 4803 2496 4870 J
2497 4803 2762 4872 ohannes
