<?xml version="1.0" encoding="UTF-8"?>
<!DOCTYPE html PUBLIC "-//W3C//DTD XHTML 1.0 Transitional//EN"
    "http://www.w3.org/TR/xhtml1/DTD/xhtml1-transitional.dtd">
<html xmlns="http://www.w3.org/1999/xhtml" xml:lang="en" lang="en">
 <head>
  <title>
</title>
<meta http-equiv="Content-Type" content="text/html;charset=utf-8" />
  <meta name='ocr-system' content='tesseract 3.04.00' />
  <meta name='ocr-capabilities' content='ocr_page ocr_carea ocr_par ocr_line ocrx_word'/>
</head>
<body>
  <div class='ocr_page' id='page_1' title='image "./historicatholic00kellgoog_0343.png"; bbox 0 0 3634 5842; ppageno 0'>
   <div class='ocr_carea' id='block_1_1' title="bbox 358 715 2726 798">
    <p class='ocr_par' dir='ltr' id='par_1_1' title="bbox 358 715 2726 798">
     <span class='ocr_line' id='line_1_1' title="bbox 358 715 2726 798; baseline 0.003 -20"><span class='ocrx_word' id='word_1_1' title='bbox 358 734 496 779; x_wconf 61' lang='lat' dir='ltr'><strong>car.</strong></span> <span class='ocrx_word' id='word_1_2' title='bbox 526 715 605 798; x_wconf 90' lang='lat'><strong>1.]</strong></span> <span class='ocrx_word' id='word_1_3' title='bbox 758 735 841 780; x_wconf 69' lang='lat' dir='ltr'><strong>nn·</strong></span> <span class='ocrx_word' id='word_1_4' title='bbox 872 735 1309 796; x_wconf 68' lang='lat' dir='ltr'><strong>nmmo,</strong></span> <span class='ocrx_word' id='word_1_5' title='bbox 1339 736 1579 787; x_wconf 64' lang='lat' dir='ltr'><strong>nummo</strong></span> <span class='ocrx_word' id='word_1_6' title='bbox 1609 737 2096 783; x_wconf 70' lang='lat' dir='ltr'><strong>Pcasscu‘rloms</strong></span> <span class='ocrx_word' id='word_1_7' title='bbox 2127 737 2411 782; x_wconf 72' lang='lat' dir='ltr'><strong>unusne.</strong></span> <span class='ocrx_word' id='word_1_8' title='bbox 2607 719 2726 784; x_wconf 88' lang='grc'><strong>307</strong></span> 
     </span>
    </p>
   </div>
   <div class='ocr_carea' id='block_1_2' title="bbox 278 887 2734 4186">
    <p class='ocr_par' dir='ltr' id='par_1_2' title="bbox 278 887 2734 4186">
     <span class='ocr_line' id='line_1_2' title="bbox 352 887 2732 978; baseline 0.001 -26"><span class='ocrx_word' id='word_1_9' title='bbox 352 893 414 952; x_wconf 91' lang='lat' dir='ltr'><strong>et</strong></span> <span class='ocrx_word' id='word_1_10' title='bbox 460 887 829 954; x_wconf 74' lang='lat' dir='ltr'><strong>solemnitate</strong></span> <span class='ocrx_word' id='word_1_11' title='bbox 878 887 1207 954; x_wconf 86' lang='lat' dir='ltr'><strong>celebratur</strong></span> <span class='ocrx_word' id='word_1_12' title='bbox 1253 895 1387 953; x_wconf 91' lang='lat' dir='ltr'><strong>tum</strong></span> <span class='ocrx_word' id='word_1_13' title='bbox 1435 890 1617 956; x_wconf 83' lang='lat' dir='ltr'><strong>veteri</strong></span> <span class='ocrx_word' id='word_1_14' title='bbox 1658 913 1822 955; x_wconf 90' lang='lat' dir='ltr'><strong>more</strong></span> <span class='ocrx_word' id='word_1_15' title='bbox 1851 891 1888 954; x_wconf 68' lang='lat' dir='ltr'><strong>a</strong></span> <span class='ocrx_word' id='word_1_16' title='bbox 1915 888 2234 977; x_wconf 86' lang='lat' dir='ltr'><strong>majoribus</strong></span> <span class='ocrx_word' id='word_1_17' title='bbox 2277 895 2558 978; x_wconf 81' lang='lat' dir='ltr'><strong>accept03</strong></span> <span class='ocrx_word' id='word_1_18' title='bbox 2603 896 2732 955; x_wconf 90' lang='lat' dir='ltr'><strong>tum</strong></span> 
     </span>
     <span class='ocr_line' id='line_1_3' title="bbox 354 974 2734 1063; baseline 0.002 -25"><span class='ocrx_word' id='word_1_19' title='bbox 354 980 681 1039; x_wconf 87' lang='lat' dir='ltr'><strong>exterarum</strong></span> <span class='ocrx_word' id='word_1_20' title='bbox 730 976 999 1060; x_wconf 86' lang='lat' dir='ltr'><strong>gentium</strong></span> <span class='ocrx_word' id='word_1_21' title='bbox 1048 974 1335 1062; x_wconf 75' lang='lat' dir='ltr'><strong>exemplo·</strong></span> <span class='ocrx_word' id='word_1_22' title='bbox 1424 975 1504 1041; x_wconf 90' lang='lat' dir='ltr'><strong>In</strong></span> <span class='ocrx_word' id='word_1_23' title='bbox 1532 998 1603 1046; x_wconf 80' lang='lat' dir='ltr'><strong>eo</strong></span> <span class='ocrx_word' id='word_1_24' title='bbox 1632 977 2007 1043; x_wconf 85' lang='lat' dir='ltr'><strong>ferendorum</strong></span> <span class='ocrx_word' id='word_1_25' title='bbox 2036 976 2442 1063; x_wconf 83' lang='lat' dir='ltr'><strong>suffragiorum</strong></span> <span class='ocrx_word' id='word_1_26' title='bbox 2472 984 2734 1062; x_wconf 84' lang='lat' dir='ltr'><strong>potestas</strong></span> 
     </span>
     <span class='ocr_line' id='line_1_4' title="bbox 352 1059 2732 1150; baseline 0.002 -26"><span class='ocrx_word' id='word_1_27' title='bbox 352 1059 601 1125; x_wconf 86' lang='lat' dir='ltr'><strong>debetur</strong></span> <span class='ocrx_word' id='word_1_28' title='bbox 649 1059 1017 1127; x_wconf 76' lang='lat' dir='ltr'><strong>haereditario</strong></span> <span class='ocrx_word' id='word_1_29' title='bbox 1060 1061 1193 1147; x_wconf 81' lang='lat' dir='ltr'><strong>jure</strong></span> <span class='ocrx_word' id='word_1_30' title='bbox 1240 1061 1357 1127; x_wconf 90' lang='lat' dir='ltr'><strong>illis</strong></span> <span class='ocrx_word' id='word_1_31' title='bbox 1386 1062 1783 1144; x_wconf 77' lang='lat' dir='ltr'><strong>saecularibus,</strong></span> <span class='ocrx_word' id='word_1_32' title='bbox 1835 1064 1938 1150; x_wconf 89' lang='lat' dir='ltr'><strong>qui</strong></span> <span class='ocrx_word' id='word_1_33' title='bbox 1983 1087 2054 1129; x_wconf 93' lang='lat' dir='ltr'><strong>eo</strong></span> <span class='ocrx_word' id='word_1_34' title='bbox 2096 1063 2319 1128; x_wconf 84' lang='lat' dir='ltr'>honore</span> <span class='ocrx_word' id='word_1_35' title='bbox 2346 1064 2618 1149; x_wconf 82' lang='lat' dir='ltr'><strong>fulgent3</strong></span> <span class='ocrx_word' id='word_1_36' title='bbox 2661 1070 2732 1128; x_wconf 92' lang='lat' dir='ltr'><strong>ut</strong></span> 
     </span>
     <span class='ocr_line' id='line_1_5' title="bbox 350 1144 2730 1244; baseline 0.002 -33"><span class='ocrx_word' id='word_1_37' title='bbox 350 1147 693 1213; x_wconf 85' lang='lat' dir='ltr'><strong>novioribus</strong></span> <span class='ocrx_word' id='word_1_38' title='bbox 722 1147 955 1213; x_wconf 87' lang='lat' dir='ltr'><strong>Latinis</strong></span> <span class='ocrx_word' id='word_1_39' title='bbox 984 1148 1429 1230; x_wconf 80' lang='lat' dir='ltr'><strong>dominationes,</strong></span> <span class='ocrx_word' id='word_1_40' title='bbox 1477 1144 1763 1236; x_wconf 85' lang='lat' dir='ltr'><strong>Hispanis</strong></span> <span class='ocrx_word' id='word_1_41' title='bbox 1791 1152 2076 1244; x_wconf 67' lang='lat' dir='ltr'><strong>senoriae5</strong></span> <span class='ocrx_word' id='word_1_42' title='bbox 2109 1149 2278 1215; x_wconf 87' lang='lat' dir='ltr'><strong>Italis</strong></span> <span class='ocrx_word' id='word_1_43' title='bbox 2321 1150 2730 1215; x_wconf 85' lang='lat' dir='ltr'><strong>illustrissimae</strong></span> 
     </span>
     <span class='ocr_line' id='line_1_6' title="bbox 350 1235 2728 1388; baseline 0.002 -90"><span class='ocrx_word' id='word_1_44' title='bbox 350 1235 637 1319; x_wconf 80' lang='lat' dir='ltr'><strong>segnorioe</strong></span> <span class='ocrx_word' id='word_1_45' title='bbox 692 1241 1131 1322; x_wconf 84' lang='lat' dir='ltr'><strong>nuncupentur,</strong></span> <span class='ocrx_word' id='word_1_46' title='bbox 1168 1235 1509 1388; x_wconf 40' lang='lat' dir='ltr'><strong>&amp;asmodi</strong></span> <span class='ocrx_word' id='word_1_47' title='bbox 1566 1244 1707 1302; x_wconf 89' lang='lat' dir='ltr'><strong>sunt</strong></span> <span class='ocrx_word' id='word_1_48' title='bbox 1763 1238 1964 1316; x_wconf 89' lang='lat' dir='ltr'><strong>duces,</strong></span> <span class='ocrx_word' id='word_1_49' title='bbox 2020 1237 2406 1316; x_wconf 84' lang='lat' dir='ltr'><strong>marchiones,</strong></span> <span class='ocrx_word' id='word_1_50' title='bbox 2466 1237 2728 1315; x_wconf 89' lang='lat' dir='ltr'><strong>comites,</strong></span> 
     </span>
     <span class='ocr_line' id='line_1_7' title="bbox 349 1320 2729 1410; baseline 0.002 -26"><span class='ocrx_word' id='word_1_51' title='bbox 349 1320 740 1401; x_wconf 74' lang='lat' dir='ltr'><strong>vicecomites,</strong></span> <span class='ocrx_word' id='word_1_52' title='bbox 802 1321 1096 1402; x_wconf 86' lang='lat' dir='ltr'><strong>barones;</strong></span> <span class='ocrx_word' id='word_1_53' title='bbox 1327 1324 1580 1391; x_wconf 80' lang='lat' dir='ltr'><strong>maxime</strong></span> <span class='ocrx_word' id='word_1_54' title='bbox 1651 1323 2047 1410; x_wconf 80' lang='lat' dir='ltr'><strong>antiquissimi</strong></span> <span class='ocrx_word' id='word_1_55' title='bbox 2101 1321 2361 1388; x_wconf 90' lang='lat' dir='ltr'><strong>Ibernici</strong></span> <span class='ocrx_word' id='word_1_56' title='bbox 2413 1324 2729 1407; x_wconf 77' lang='lat' dir='ltr'><strong>optimates</strong></span> 
     </span>
     <span class='ocr_line' id='line_1_8' title="bbox 349 1407 2725 1496; baseline 0.001 -25"><span class='ocrx_word' id='word_1_57' title='bbox 349 1407 580 1472; x_wconf 68' lang='lat' dir='ltr'><strong>&#39;I‘iernae</strong></span> <span class='ocrx_word' id='word_1_58' title='bbox 630 1409 822 1474; x_wconf 86' lang='lat' dir='ltr'><strong>vocati</strong></span> <span class='ocrx_word' id='word_1_59' title='bbox 868 1409 1050 1494; x_wconf 86' lang='lat' dir='ltr'><strong>longa</strong></span> <span class='ocrx_word' id='word_1_60' title='bbox 1074 1415 1194 1474; x_wconf 89' lang='lat' dir='ltr'><strong>tem</strong></span> <span class='ocrx_word' id='word_1_61' title='bbox 1274 1431 1409 1474; x_wconf 87' lang='lat' dir='ltr'><strong>rum</strong></span> <span class='ocrx_word' id='word_1_62' title='bbox 1438 1411 1586 1476; x_wconf 81' lang='lat' dir='ltr'><strong>serie</strong></span> <span class='ocrx_word' id='word_1_63' title='bbox 1614 1417 1750 1475; x_wconf 84' lang='lat' dir='ltr'><strong>ante</strong></span> <span class='ocrx_word' id='word_1_64' title='bbox 1778 1409 2116 1496; x_wconf 83' lang='lat' dir='ltr'><strong>Anglorum</strong></span> <span class='ocrx_word' id='word_1_65' title='bbox 2146 1409 2608 1475; x_wconf 81' lang='lat' dir='ltr'><strong>dominationem</strong></span> <span class='ocrx_word' id='word_1_66' title='bbox 2635 1410 2725 1474; x_wconf 90' lang='lat' dir='ltr'><strong>in-</strong></span> 
     </span>
     <span class='ocr_line' id='line_1_9' title="bbox 350 1494 2726 1596; baseline 0.001 -37"><span class='ocrx_word' id='word_1_67' title='bbox 350 1494 564 1574; x_wconf 85' lang='lat' dir='ltr'><strong>stituti,</strong></span> <span class='ocrx_word' id='word_1_68' title='bbox 596 1501 738 1559; x_wconf 89' lang='lat' dir='ltr'><strong>sunt</strong></span> <span class='ocrx_word' id='word_1_69' title='bbox 765 1495 879 1561; x_wconf 91' lang='lat' dir='ltr'><strong>hoc</strong></span> <span class='ocrx_word' id='word_1_70' title='bbox 901 1497 1033 1582; x_wconf 82' lang='lat' dir='ltr'><strong>jure</strong></span> <span class='ocrx_word' id='word_1_71' title='bbox 1060 1497 1176 1576; x_wconf 88' lang='lat' dir='ltr'><strong>usi,</strong></span> <span class='ocrx_word' id='word_1_72' title='bbox 1220 1497 1331 1562; x_wconf 82' lang='lat' dir='ltr'><strong>&#39;cet</strong></span> <span class='ocrx_word' id='word_1_73' title='bbox 1348 1496 1557 1582; x_wconf 66' lang='lat' dir='ltr'><strong>postea</strong></span> <span class='ocrx_word' id='word_1_74' title='bbox 1584 1495 1858 1574; x_wconf 85' lang='lat' dir='ltr'><strong>abdicati,</strong></span> <span class='ocrx_word' id='word_1_75' title='bbox 1892 1496 2054 1596; x_wconf 88' lang='lat' dir='ltr'><strong>quod</strong></span> <span class='ocrx_word' id='word_1_76' title='bbox 2082 1517 2206 1560; x_wconf 91' lang='lat' dir='ltr'><strong>non</strong></span> <span class='ocrx_word' id='word_1_77' title='bbox 2235 1502 2378 1560; x_wconf 90' lang='lat' dir='ltr'><strong>sunt</strong></span> <span class='ocrx_word' id='word_1_78' title='bbox 2406 1495 2480 1560; x_wconf 88' lang='lat' dir='ltr'><strong>ab</strong></span> <span class='ocrx_word' id='word_1_79' title='bbox 2509 1494 2726 1580; x_wconf 82' lang='lat' dir='ltr'><strong>Anglis</strong></span> 
     </span>
     <span class='ocr_line' id='line_1_10' title="bbox 278 1579 2725 1668; baseline 0.001 -23"><span class='ocrx_word' id='word_1_80' title='bbox 278 1590 289 1600; x_wconf 96' lang='grc'><em>“</em></span> <span class='ocrx_word' id='word_1_81' title='bbox 346 1579 589 1666; x_wconf 86' lang='lat' dir='ltr'><strong>regibus</strong></span> <span class='ocrx_word' id='word_1_82' title='bbox 616 1582 965 1667; x_wconf 82' lang='lat' dir='ltr'><strong>inaugarati.</strong></span> <span class='ocrx_word' id='word_1_83' title='bbox 1054 1581 1237 1654; x_wconf 80' lang='lat' dir='ltr'><strong>Quod</strong></span> <span class='ocrx_word' id='word_1_84' title='bbox 1262 1603 1457 1652; x_wconf 89' lang='lat' dir='ltr'><strong>unum</strong></span> <span class='ocrx_word' id='word_1_85' title='bbox 1480 1583 1629 1649; x_wconf 84' lang='lat' dir='ltr'><strong>mihi</strong></span> <span class='ocrx_word' id='word_1_86' title='bbox 1664 1605 1791 1648; x_wconf 88' lang='lat' dir='ltr'><strong>non</strong></span> <span class='ocrx_word' id='word_1_87' title='bbox 1813 1582 1934 1648; x_wconf 78' lang='lat' dir='ltr'><strong>levi</strong></span> <span class='ocrx_word' id='word_1_88' title='bbox 1961 1587 2310 1668; x_wconf 84' lang='lat' dir='ltr'><strong>argumento</strong></span> <span class='ocrx_word' id='word_1_89' title='bbox 2338 1589 2447 1662; x_wconf 86' lang='lat' dir='ltr'><strong>est,</strong></span> <span class='ocrx_word' id='word_1_90' title='bbox 2477 1589 2548 1646; x_wconf 89' lang='lat' dir='ltr'><strong>ut</strong></span> <span class='ocrx_word' id='word_1_91' title='bbox 2575 1583 2725 1647; x_wconf 85' lang='lat' dir='ltr'><strong>exis-</strong></span> 
     </span>
     <span class='ocr_line' id='line_1_11' title="bbox 347 1667 2726 1756; baseline 0.002 -25"><span class='ocrx_word' id='word_1_92' title='bbox 347 1668 553 1732; x_wconf 87' lang='lat' dir='ltr'><strong>timem</strong></span> <span class='ocrx_word' id='word_1_93' title='bbox 600 1671 799 1735; x_wconf 88' lang='lat' dir='ltr'><strong>omnia</strong></span> <span class='ocrx_word' id='word_1_94' title='bbox 845 1669 1209 1754; x_wconf 85' lang='lat' dir='ltr'><strong>parlamenta</strong></span> <span class='ocrx_word' id='word_1_95' title='bbox 1250 1668 1325 1735; x_wconf 91' lang='lat' dir='ltr'><strong>ab</strong></span> <span class='ocrx_word' id='word_1_96' title='bbox 1368 1667 1607 1756; x_wconf 77' lang='lat' dir='ltr'><strong>Angliae</strong></span> <span class='ocrx_word' id='word_1_97' title='bbox 1646 1668 2016 1756; x_wconf 88' lang='lat' dir='ltr'><strong>principibus</strong></span> <span class='ocrx_word' id='word_1_98' title='bbox 2053 1668 2120 1733; x_wconf 91' lang='lat' dir='ltr'><strong>in</strong></span> <span class='ocrx_word' id='word_1_99' title='bbox 2169 1667 2410 1734; x_wconf 65' lang='lat' dir='ltr'><strong>Ibernia</strong></span> <span class='ocrx_word' id='word_1_100' title='bbox 2437 1667 2726 1736; x_wconf 82' lang='lat' dir='ltr'><strong>celebrata</strong></span> 
     </span>
     <span class='ocr_line' id='line_1_12' title="bbox 346 1755 2724 1844; baseline 0.001 -25"><span class='ocrx_word' id='word_1_101' title='bbox 346 1755 509 1819; x_wconf 83' lang='lat' dir='ltr'><strong>irrita</strong></span> <span class='ocrx_word' id='word_1_102' title='bbox 538 1756 781 1821; x_wconf 91' lang='lat' dir='ltr'><strong>omnino</strong></span> <span class='ocrx_word' id='word_1_103' title='bbox 810 1779 955 1835; x_wconf 87' lang='lat' dir='ltr'><strong>esse,</strong></span> <span class='ocrx_word' id='word_1_104' title='bbox 986 1781 1021 1822; x_wconf 87' lang='lat' dir='ltr'><strong>a</strong></span> <span class='ocrx_word' id='word_1_105' title='bbox 1050 1755 1269 1841; x_wconf 80' lang='lat' dir='ltr'><strong>quibus</strong></span> <span class='ocrx_word' id='word_1_106' title='bbox 1318 1755 1537 1844; x_wconf 68' lang='lat' dir='ltr'><strong>quippe</strong></span> <span class='ocrx_word' id='word_1_107' title='bbox 1578 1755 1946 1843; x_wconf 86' lang='lat' dir='ltr'><strong>repelluntur</strong></span> <span class='ocrx_word' id='word_1_108' title='bbox 1986 1755 2186 1834; x_wconf 88' lang='lat' dir='ltr'><strong>iidem,</strong></span> <span class='ocrx_word' id='word_1_109' title='bbox 2219 1755 2324 1841; x_wconf 89' lang='lat' dir='ltr'><strong>qui</strong></span> <span class='ocrx_word' id='word_1_110' title='bbox 2349 1756 2724 1841; x_wconf 87' lang='lat' dir='ltr'><strong>potissimum</strong></span> 
     </span>
     <span class='ocr_line' id='line_1_13' title="bbox 345 1840 2723 1928; baseline 0.001 -23"><span class='ocrx_word' id='word_1_111' title='bbox 345 1840 465 1906; x_wconf 90' lang='lat' dir='ltr'><strong>illis</strong></span> <span class='ocrx_word' id='word_1_112' title='bbox 491 1842 773 1908; x_wconf 85' lang='lat' dir='ltr'><strong>interesse</strong></span> <span class='ocrx_word' id='word_1_113' title='bbox 818 1843 1117 1909; x_wconf 89' lang='lat' dir='ltr'><strong>deberent.</strong></span> <span class='ocrx_word' id='word_1_114' title='bbox 1204 1841 1434 1910; x_wconf 61' lang='lat' dir='ltr'><strong>Eadem</strong></span> <span class='ocrx_word' id='word_1_115' title='bbox 1474 1844 1824 1910; x_wconf 86' lang='lat' dir='ltr'><strong>auctoritate</strong></span> <span class='ocrx_word' id='word_1_116' title='bbox 1863 1843 2114 1909; x_wconf 86' lang='lat' dir='ltr'><strong>valuisse</strong></span> <span class='ocrx_word' id='word_1_117' title='bbox 2141 1842 2413 1906; x_wconf 76' lang='lat' dir='ltr'><strong>feruntur</strong></span> <span class='ocrx_word' id='word_1_118' title='bbox 2439 1841 2546 1921; x_wconf 84' lang='lat' dir='ltr'><strong>illi,</strong></span> <span class='ocrx_word' id='word_1_119' title='bbox 2579 1864 2723 1928; x_wconf 87' lang='lat' dir='ltr'><strong>quo-</strong></span> 
     </span>
     <span class='ocr_line' id='line_1_14' title="bbox 344 1927 2724 2017; baseline 0.001 -25"><span class='ocrx_word' id='word_1_120' title='bbox 344 1949 479 1993; x_wconf 90' lang='lat' dir='ltr'><strong>rum</strong></span> <span class='ocrx_word' id='word_1_121' title='bbox 508 1930 904 2014; x_wconf 87' lang='lat' dir='ltr'><strong>possessiones</strong></span> <span class='ocrx_word' id='word_1_122' title='bbox 951 1929 1302 1995; x_wconf 87' lang='lat' dir='ltr'><strong>baronatum</strong></span> <span class='ocrx_word' id='word_1_123' title='bbox 1346 1937 1517 1996; x_wconf 66' lang='lat' dir='ltr'><strong>terrae</strong></span> <span class='ocrx_word' id='word_1_124' title='bbox 1544 1931 1872 1996; x_wconf 84' lang='lat' dir='ltr'><strong>continent.</strong></span> <span class='ocrx_word' id='word_1_125' title='bbox 1959 1928 2452 2014; x_wconf 77' lang='lat' dir='ltr'><strong>ArchiepiscopiS,</strong></span> <span class='ocrx_word' id='word_1_126' title='bbox 2483 1936 2545 1993; x_wconf 91' lang='lat' dir='ltr'><strong>et</strong></span> <span class='ocrx_word' id='word_1_127' title='bbox 2571 1927 2724 2017; x_wconf 86' lang='lat' dir='ltr'><strong>epis-</strong></span> 
     </span>
     <span class='ocr_line' id='line_1_15' title="bbox 344 2014 2726 2103; baseline 0 -24"><span class='ocrx_word' id='word_1_128' title='bbox 344 2014 509 2100; x_wconf 90' lang='lat' dir='ltr'><strong>copis</strong></span> <span class='ocrx_word' id='word_1_129' title='bbox 534 2014 858 2082; x_wconf 79' lang='lat' dir='ltr'><strong>Catholicis</strong></span> <span class='ocrx_word' id='word_1_130' title='bbox 879 2019 979 2103; x_wconf 86' lang='lat' dir='ltr'><strong>jus</strong></span> <span class='ocrx_word' id='word_1_131' title='bbox 1006 2017 1121 2082; x_wconf 91' lang='lat' dir='ltr'><strong>hoc</strong></span> <span class='ocrx_word' id='word_1_132' title='bbox 1166 2016 1554 2096; x_wconf 83' lang='lat' dir='ltr'><strong>deferebatur,</strong></span> <span class='ocrx_word' id='word_1_133' title='bbox 1584 2024 1647 2084; x_wconf 84' lang='lat' dir='ltr'><strong>et</strong></span> <span class='ocrx_word' id='word_1_134' title='bbox 1687 2016 1739 2083; x_wconf 86' lang='lat' dir='ltr'><strong>si</strong></span> <span class='ocrx_word' id='word_1_135' title='bbox 1767 2017 1872 2102; x_wconf 89' lang='lat' dir='ltr'><strong>qui</strong></span> <span class='ocrx_word' id='word_1_136' title='bbox 1899 2023 2042 2081; x_wconf 86' lang='lat' dir='ltr'><strong>sunt</strong></span> <span class='ocrx_word' id='word_1_137' title='bbox 2069 2015 2169 2082; x_wconf 87' lang='lat' dir='ltr'><strong>alii</strong></span> <span class='ocrx_word' id='word_1_138' title='bbox 2195 2015 2588 2095; x_wconf 87' lang='lat' dir='ltr'><strong>ecclesiastici,</strong></span> <span class='ocrx_word' id='word_1_139' title='bbox 2619 2017 2726 2101; x_wconf 87' lang='lat' dir='ltr'><strong>qui</strong></span> 
     </span>
     <span class='ocr_line' id='line_1_16' title="bbox 341 2101 2724 2190; baseline 0.001 -24"><span class='ocrx_word' id='word_1_140' title='bbox 341 2101 502 2166; x_wconf 91' lang='lat' dir='ltr'><strong>idem</strong></span> <span class='ocrx_word' id='word_1_141' title='bbox 530 2101 643 2167; x_wconf 76' lang='lat' dir='ltr'><strong>sibi</strong></span> <span class='ocrx_word' id='word_1_142' title='bbox 671 2103 1078 2182; x_wconf 79' lang='lat' dir='ltr'><strong>vendicabant,</strong></span> <span class='ocrx_word' id='word_1_143' title='bbox 1108 2102 1247 2169; x_wconf 87' lang='lat' dir='ltr'><strong>licet</strong></span> <span class='ocrx_word' id='word_1_144' title='bbox 1273 2125 1435 2169; x_wconf 88' lang='lat' dir='ltr'><strong>nunc</strong></span> <span class='ocrx_word' id='word_1_145' title='bbox 1462 2103 1542 2169; x_wconf 88' lang='lat' dir='ltr'><strong>sit</strong></span> <span class='ocrx_word' id='word_1_146' title='bbox 1566 2103 1686 2169; x_wconf 80' lang='lat' dir='ltr'><strong>illis</strong></span> <span class='ocrx_word' id='word_1_147' title='bbox 1730 2103 2091 2190; x_wconf 89' lang='lat' dir='ltr'><strong>ademptum,</strong></span> <span class='ocrx_word' id='word_1_148' title='bbox 2138 2101 2633 2188; x_wconf 79' lang='lat' dir='ltr'><strong>quemadmodum</strong></span> <span class='ocrx_word' id='word_1_149' title='bbox 2663 2109 2724 2168; x_wconf 89' lang='lat' dir='ltr'><strong>et</strong></span> 
     </span>
     <span class='ocr_line' id='line_1_17' title="bbox 342 2188 2721 2276; baseline 0.002 -25"><span class='ocrx_word' id='word_1_150' title='bbox 342 2189 755 2256; x_wconf 84' lang='lat' dir='ltr'><strong>vetustissimis</strong></span> <span class='ocrx_word' id='word_1_151' title='bbox 782 2189 1176 2276; x_wconf 83' lang='lat' dir='ltr'><strong>magnatibus,</strong></span> <span class='ocrx_word' id='word_1_152' title='bbox 1208 2197 1269 2255; x_wconf 91' lang='lat' dir='ltr'><strong>et</strong></span> <span class='ocrx_word' id='word_1_153' title='bbox 1295 2189 1693 2256; x_wconf 77' lang='lat' dir='ltr'><strong>hoeresiarchis</strong></span> <span class='ocrx_word' id='word_1_154' title='bbox 1720 2190 2142 2276; x_wconf 84' lang='lat' dir='ltr'><strong>adjudicatum.</strong></span> <span class='ocrx_word' id='word_1_155' title='bbox 2188 2189 2287 2254; x_wconf 84' lang='lat' dir='ltr'><strong>Ita</strong></span> <span class='ocrx_word' id='word_1_156' title='bbox 2315 2188 2523 2268; x_wconf 72' lang='lat' dir='ltr'><strong>aureiS,</strong></span> <span class='ocrx_word' id='word_1_157' title='bbox 2543 2196 2721 2275; x_wconf 86' lang='lat' dir='ltr'><strong>atque</strong></span> 
     </span>
     <span class='ocr_line' id='line_1_18' title="bbox 342 2273 2722 2368; baseline 0 -28"><span class='ocrx_word' id='word_1_158' title='bbox 342 2273 691 2342; x_wconf 84' lang='lat' dir='ltr'><strong>Christianis</strong></span> <span class='ocrx_word' id='word_1_159' title='bbox 716 2277 835 2342; x_wconf 89' lang='lat' dir='ltr'><strong>illis</strong></span> <span class='ocrx_word' id='word_1_160' title='bbox 864 2277 1093 2343; x_wconf 78' lang='lat' dir='ltr'><strong>soeculis</strong></span> <span class='ocrx_word' id='word_1_161' title='bbox 1120 2277 1363 2368; x_wconf 82' lang='lat' dir='ltr'><strong>placuit.</strong></span> <span class='ocrx_word' id='word_1_162' title='bbox 1450 2275 1655 2343; x_wconf 66' lang='lat' dir='ltr'><strong>Hodie</strong></span> <span class='ocrx_word' id='word_1_163' title='bbox 1679 2276 1821 2344; x_wconf 75' lang='lat' dir='ltr'><strong>verb</strong></span> <span class='ocrx_word' id='word_1_164' title='bbox 1871 2277 2189 2362; x_wconf 85' lang='lat' dir='ltr'><strong>dignitates</strong></span> <span class='ocrx_word' id='word_1_165' title='bbox 2218 2274 2292 2342; x_wconf 91' lang='lat' dir='ltr'><strong>ab</strong></span> <span class='ocrx_word' id='word_1_166' title='bbox 2320 2276 2536 2362; x_wconf 81' lang='lat' dir='ltr'><strong>Anglis</strong></span> <span class='ocrx_word' id='word_1_167' title='bbox 2565 2277 2722 2362; x_wconf 82' lang='lat' dir='ltr'><strong>regi-</strong></span> 
     </span>
     <span class='ocr_line' id='line_1_19' title="bbox 340 2360 2719 2444; baseline 0.001 -18"><span class='ocrx_word' id='word_1_168' title='bbox 340 2360 455 2427; x_wconf 87' lang='lat' dir='ltr'><strong>bus</strong></span> <span class='ocrx_word' id='word_1_169' title='bbox 482 2371 711 2442; x_wconf 82' lang='lat' dir='ltr'><strong>creatae,</strong></span> <span class='ocrx_word' id='word_1_170' title='bbox 741 2364 862 2429; x_wconf 84' lang='lat' dir='ltr'><strong>sive</strong></span> <span class='ocrx_word' id='word_1_171' title='bbox 892 2363 1213 2443; x_wconf 72' lang='lat' dir='ltr'><strong>saeculares,</strong></span> <span class='ocrx_word' id='word_1_172' title='bbox 1244 2364 1369 2430; x_wconf 78' lang='lat' dir='ltr'><strong>sive</strong></span> <span class='ocrx_word' id='word_1_173' title='bbox 1394 2363 1820 2444; x_wconf 74' lang='lat' dir='ltr'><strong>ecclesiasticae,</strong></span> <span class='ocrx_word' id='word_1_174' title='bbox 1840 2387 1963 2429; x_wconf 85' lang='lat' dir='ltr'><strong>non</strong></span> <span class='ocrx_word' id='word_1_175' title='bbox 1985 2363 2134 2443; x_wconf 80' lang='lat' dir='ltr'><strong>aliae,</strong></span> <span class='ocrx_word' id='word_1_176' title='bbox 2199 2368 2408 2428; x_wconf 83' lang='lat' dir='ltr'><strong>ossunt</strong></span> <span class='ocrx_word' id='word_1_177' title='bbox 2423 2365 2488 2428; x_wconf 91' lang='lat' dir='ltr'><strong>in</strong></span> <span class='ocrx_word' id='word_1_178' title='bbox 2508 2371 2719 2429; x_wconf 86' lang='lat' dir='ltr'><strong>senatu</strong></span> 
     </span>
     <span class='ocr_line' id='line_1_20' title="bbox 340 2448 2718 2537; baseline 0 -24"><span class='ocrx_word' id='word_1_179' title='bbox 340 2448 491 2514; x_wconf 80' lang='lat' dir='ltr'><strong>ferre</strong></span> <span class='ocrx_word' id='word_1_180' title='bbox 536 2451 906 2516; x_wconf 85' lang='lat' dir='ltr'><strong>sententiam.</strong></span> <span class='ocrx_word' id='word_1_181' title='bbox 992 2450 1217 2516; x_wconf 83' lang='lat' dir='ltr'><strong>Praeter</strong></span> <span class='ocrx_word' id='word_1_182' title='bbox 1260 2472 1409 2537; x_wconf 89' lang='lat' dir='ltr'><strong>quas</strong></span> <span class='ocrx_word' id='word_1_183' title='bbox 1457 2451 1577 2516; x_wconf 89' lang='lat' dir='ltr'><strong>duo</strong></span> <span class='ocrx_word' id='word_1_184' title='bbox 1606 2472 1641 2517; x_wconf 91' lang='lat' dir='ltr'><strong>e</strong></span> <span class='ocrx_word' id='word_1_185' title='bbox 1669 2451 1918 2537; x_wconf 81' lang='lat' dir='ltr'><strong>singulis</strong></span> <span class='ocrx_word' id='word_1_186' title='bbox 1947 2449 2170 2515; x_wconf 84' lang='lat' dir='ltr'><strong>civitati</strong></span> <span class='ocrx_word' id='word_1_187' title='bbox 2211 2473 2302 2527; x_wconf 88' lang='lat' dir='ltr'><strong>us,</strong></span> <span class='ocrx_word' id='word_1_188' title='bbox 2349 2457 2453 2515; x_wconf 85' lang='lat' dir='ltr'><strong>aut</strong></span> <span class='ocrx_word' id='word_1_189' title='bbox 2500 2451 2718 2536; x_wconf 84' lang='lat' dir='ltr'><strong>magis-</strong></span> 
     </span>
     <span class='ocr_line' id='line_1_21' title="bbox 340 2534 2717 2622; baseline 0 -23"><span class='ocrx_word' id='word_1_190' title='bbox 340 2534 595 2600; x_wconf 88' lang='lat' dir='ltr'><strong>tratibus</strong></span> <span class='ocrx_word' id='word_1_191' title='bbox 624 2542 1028 2622; x_wconf 83' lang='lat' dir='ltr'><strong>procuratores</strong></span> <span class='ocrx_word' id='word_1_192' title='bbox 1057 2537 1257 2602; x_wconf 87' lang='lat' dir='ltr'><strong>adesse</strong></span> <span class='ocrx_word' id='word_1_193' title='bbox 1287 2535 1541 2603; x_wconf 84' lang='lat' dir='ltr'><strong>debent:</strong></span> <span class='ocrx_word' id='word_1_194' title='bbox 1570 2537 1821 2603; x_wconf 90' lang='lat' dir='ltr'><strong>totidem</strong></span> <span class='ocrx_word' id='word_1_195' title='bbox 1851 2558 2084 2622; x_wconf 86' lang='lat' dir='ltr'><strong>quoque</strong></span> <span class='ocrx_word' id='word_1_196' title='bbox 2112 2543 2514 2622; x_wconf 81' lang='lat' dir='ltr'><strong>procuratores</strong></span> <span class='ocrx_word' id='word_1_197' title='bbox 2545 2559 2717 2622; x_wconf 89' lang='lat' dir='ltr'><strong>opor-</strong></span> 
     </span>
     <span class='ocr_line' id='line_1_22' title="bbox 339 2621 2717 2710; baseline 0 -24"><span class='ocrx_word' id='word_1_198' title='bbox 339 2627 431 2686; x_wconf 89' lang='lat' dir='ltr'><strong>tet</strong></span> <span class='ocrx_word' id='word_1_199' title='bbox 458 2623 771 2687; x_wconf 86' lang='lat' dir='ltr'><strong>convenire</strong></span> <span class='ocrx_word' id='word_1_200' title='bbox 798 2645 831 2688; x_wconf 90' lang='lat' dir='ltr'><strong>e</strong></span> <span class='ocrx_word' id='word_1_201' title='bbox 862 2623 1111 2710; x_wconf 84' lang='lat' dir='ltr'><strong>singulis</strong></span> <span class='ocrx_word' id='word_1_202' title='bbox 1136 2623 1309 2708; x_wconf 84' lang='lat' dir='ltr'><strong>regui</strong></span> <span class='ocrx_word' id='word_1_203' title='bbox 1334 2622 1630 2704; x_wconf 89' lang='lat' dir='ltr'><strong>tribubus,</strong></span> <span class='ocrx_word' id='word_1_204' title='bbox 1662 2645 1795 2708; x_wconf 81' lang='lat' dir='ltr'><strong>quae</strong></span> <span class='ocrx_word' id='word_1_205' title='bbox 1824 2624 2138 2688; x_wconf 84' lang='lat' dir='ltr'><strong>comitatus</strong></span> <span class='ocrx_word' id='word_1_206' title='bbox 2165 2621 2382 2705; x_wconf 83' lang='lat' dir='ltr'><strong>Anglis</strong></span> <span class='ocrx_word' id='word_1_207' title='bbox 2408 2623 2717 2687; x_wconf 90' lang='lat' dir='ltr'><strong>nominan-</strong></span> 
     </span>
     <span class='ocr_line' id='line_1_23' title="bbox 338 2707 2715 2795; baseline 0 -23"><span class='ocrx_word' id='word_1_208' title='bbox 338 2715 458 2773; x_wconf 85' lang='lat' dir='ltr'><strong>tur.</strong></span> <span class='ocrx_word' id='word_1_209' title='bbox 546 2707 761 2794; x_wconf 86' lang='lat' dir='ltr'><strong>Itaque</strong></span> <span class='ocrx_word' id='word_1_210' title='bbox 788 2708 1124 2795; x_wconf 83' lang='lat' dir='ltr'><strong>dignitates,</strong></span> <span class='ocrx_word' id='word_1_211' title='bbox 1156 2709 1253 2773; x_wconf 73' lang='lat' dir='ltr'><strong>vel</strong></span> <span class='ocrx_word' id='word_1_212' title='bbox 1280 2710 1595 2794; x_wconf 83' lang='lat' dir='ltr'><strong>optimates</strong></span> <span class='ocrx_word' id='word_1_213' title='bbox 1631 2709 2027 2787; x_wconf 75' lang='lat' dir='ltr'><strong>ecclesiastici,</strong></span> <span class='ocrx_word' id='word_1_214' title='bbox 2057 2713 2120 2772; x_wconf 89' lang='lat' dir='ltr'><strong>et</strong></span> <span class='ocrx_word' id='word_1_215' title='bbox 2146 2707 2470 2788; x_wconf 70' lang='lat' dir='ltr'><strong>saeculareS,</strong></span> <span class='ocrx_word' id='word_1_216' title='bbox 2499 2709 2715 2794; x_wconf 83' lang='lat' dir='ltr'><strong>magis-</strong></span> 
     </span>
     <span class='ocr_line' id='line_1_24' title="bbox 337 2794 2714 2882; baseline -0 -23"><span class='ocrx_word' id='word_1_217' title='bbox 337 2801 603 2860; x_wconf 83' lang='lat' dir='ltr'><strong>tratuum</strong></span> <span class='ocrx_word' id='word_1_218' title='bbox 646 2817 743 2874; x_wconf 92' lang='lat' dir='ltr'><strong>ue,</strong></span> <span class='ocrx_word' id='word_1_219' title='bbox 788 2806 850 2860; x_wconf 87' lang='lat' dir='ltr'><strong>et</strong></span> <span class='ocrx_word' id='word_1_220' title='bbox 893 2794 1160 2862; x_wconf 88' lang='lat' dir='ltr'><strong>tribuum</strong></span> <span class='ocrx_word' id='word_1_221' title='bbox 1206 2801 1613 2882; x_wconf 86' lang='lat' dir='ltr'><strong>procuratores</strong></span> <span class='ocrx_word' id='word_1_222' title='bbox 1657 2796 1960 2882; x_wconf 81' lang='lat' dir='ltr'><strong>integrum</strong></span> <span class='ocrx_word' id='word_1_223' title='bbox 2007 2795 2439 2881; x_wconf 85' lang='lat' dir='ltr'><strong>parlamentum</strong></span> <span class='ocrx_word' id='word_1_224' title='bbox 2495 2796 2714 2859; x_wconf 84' lang='lat' dir='ltr'><strong>consti-</strong></span> 
     </span>
     <span class='ocr_line' id='line_1_25' title="bbox 336 2879 2711 2968; baseline 0 -23"><span class='ocrx_word' id='word_1_225' title='bbox 336 2887 540 2946; x_wconf 84' lang='lat' dir='ltr'><strong>tuunt.</strong></span> <span class='ocrx_word' id='word_1_226' title='bbox 690 2881 941 2948; x_wconf 86' lang='lat' dir='ltr'><strong>ocabant</strong></span> <span class='ocrx_word' id='word_1_227' title='bbox 982 2881 1315 2968; x_wconf 68' lang='lat' dir='ltr'><strong>antiquitas</strong></span> <span class='ocrx_word' id='word_1_228' title='bbox 1360 2882 1427 2947; x_wconf 90' lang='lat' dir='ltr'><strong>in</strong></span> <span class='ocrx_word' id='word_1_229' title='bbox 1475 2882 1923 2968; x_wconf 73' lang='lat' dir='ltr'><strong>pai-lamentaris</strong></span> <span class='ocrx_word' id='word_1_230' title='bbox 1971 2881 2208 2946; x_wconf 87' lang='lat' dir='ltr'><strong>comitia</strong></span> <span class='ocrx_word' id='word_1_231' title='bbox 2235 2901 2404 2966; x_wconf 83' lang='lat' dir='ltr'><strong>reges</strong></span> <span class='ocrx_word' id='word_1_232' title='bbox 2433 2879 2711 2958; x_wconf 87' lang='lat' dir='ltr'><strong>Ibernici,</strong></span> 
     </span>
     <span class='ocr_line' id='line_1_26' title="bbox 336 2967 2711 3120; baseline -0 -87"><span class='ocrx_word' id='word_1_233' title='bbox 336 2969 443 3068; x_wconf 79' lang='lat' dir='ltr'><strong>qui</strong></span> <span class='ocrx_word' id='word_1_234' title='bbox 492 2968 677 3033; x_wconf 87' lang='lat' dir='ltr'><strong>totius</strong></span> <span class='ocrx_word' id='word_1_235' title='bbox 718 2971 889 3056; x_wconf 82' lang='lat' dir='ltr'><strong>regni</strong></span> <span class='ocrx_word' id='word_1_236' title='bbox 937 2969 1289 3047; x_wconf 77' lang='lat' dir='ltr'><strong>monarchae,</strong></span> <span class='ocrx_word' id='word_1_237' title='bbox 1338 2976 1508 3069; x_wconf 71' lang='lat' dir='ltr'><strong>erant</strong></span> <span class='ocrx_word' id='word_1_238' title='bbox 1556 2976 1618 3036; x_wconf 91' lang='lat' dir='ltr'><strong>et</strong></span> <span class='ocrx_word' id='word_1_239' title='bbox 1666 2970 1845 3036; x_wconf 88' lang='lat' dir='ltr'><strong>etiam</strong></span> <span class='ocrx_word' id='word_1_240' title='bbox 1884 2967 2094 3120; x_wconf 47' lang='lat'><strong>”5⁰5⁹</strong></span> <span class='ocrx_word' id='word_1_241' title='bbox 2125 2974 2187 3033; x_wconf 88' lang='lat' dir='ltr'><strong>et</strong></span> <span class='ocrx_word' id='word_1_242' title='bbox 2211 2967 2382 3053; x_wconf 86' lang='lat' dir='ltr'><strong>regni</strong></span> <span class='ocrx_word' id='word_1_243' title='bbox 2407 2968 2711 3054; x_wconf 86' lang='lat' dir='ltr'><strong>primores,</strong></span> 
     </span>
     <span class='ocr_line' id='line_1_27' title="bbox 335 3054 2714 3240; baseline 0 -34"><span class='ocrx_word' id='word_1_244' title='bbox 335 3062 665 3208; x_wconf 53' lang='lat' dir='ltr'><strong>{³02⁸AEss</strong></span> <span class='ocrx_word' id='word_1_245' title='bbox 690 3055 2066 3230; x_wconf 46' lang='grc' dir='ltr'><strong>Ἦθὲἓιῖῗὲἲὲωὲᾦᾱὲῖζὲἷιὸοῖῗῖωῒίξῃῗ</strong></span> <span class='ocrx_word' id='word_1_246' title='bbox 2083 3054 2714 3240; x_wconf 52' lang='lat' dir='ltr'><strong>xsstzsszffiffi</strong></span> 
     </span>
     <span class='ocr_line' id='line_1_28' title="bbox 334 3227 2712 3318; baseline -0 -24"><span class='ocrx_word' id='word_1_247' title='bbox 334 3229 767 3315; x_wconf 83' lang='lat' dir='ltr'><strong>parlamentum</strong></span> <span class='ocrx_word' id='word_1_248' title='bbox 814 3231 1176 3297; x_wconf 82' lang='lat' dir='ltr'><strong>conveniunt</strong></span> <span class='ocrx_word' id='word_1_249' title='bbox 1222 3229 1652 3312; x_wconf 82' lang='lat' dir='ltr'><strong>Dubhlinnam,</strong></span> <span class='ocrx_word' id='word_1_250' title='bbox 1705 3251 1842 3318; x_wconf 77' lang='lat' dir='ltr'><strong>quae</strong></span> <span class='ocrx_word' id='word_1_251' title='bbox 1866 3229 2012 3296; x_wconf 77' lang='lat' dir='ltr'><strong>urbs</strong></span> <span class='ocrx_word' id='word_1_252' title='bbox 2037 3230 2208 3314; x_wconf 86' lang='lat' dir='ltr'><strong>regni</strong></span> <span class='ocrx_word' id='word_1_253' title='bbox 2232 3251 2507 3316; x_wconf 80' lang='lat' dir='ltr'><strong>princeps</strong></span> <span class='ocrx_word' id='word_1_254' title='bbox 2535 3227 2712 3294; x_wconf 88' lang='lat' dir='ltr'><strong>habe-</strong></span> 
     </span>
     <span class='ocr_line' id='line_1_29' title="bbox 332 3315 2708 3405; baseline 0 -25"><span class='ocrx_word' id='word_1_255' title='bbox 332 3322 473 3382; x_wconf 84' lang='lat' dir='ltr'><strong>tur:</strong></span> <span class='ocrx_word' id='word_1_256' title='bbox 518 3316 625 3383; x_wconf 86' lang='lat' dir='ltr'><strong>ubi</strong></span> <span class='ocrx_word' id='word_1_257' title='bbox 652 3323 744 3383; x_wconf 89' lang='lat' dir='ltr'><strong>est</strong></span> <span class='ocrx_word' id='word_1_258' title='bbox 768 3317 885 3384; x_wconf 83' lang='lat' dir='ltr'><strong>illis</strong></span> <span class='ocrx_word' id='word_1_259' title='bbox 913 3341 1022 3405; x_wconf 88' lang='lat' dir='ltr'><strong>pro</strong></span> <span class='ocrx_word' id='word_1_260' title='bbox 1050 3318 1231 3398; x_wconf 61' lang='lat' dir='ltr'><strong>curia,</strong></span> <span class='ocrx_word' id='word_1_261' title='bbox 1259 3317 1357 3384; x_wconf 82' lang='lat' dir='ltr'><strong>vel</strong></span> <span class='ocrx_word' id='word_1_262' title='bbox 1384 3317 1773 3385; x_wconf 86' lang='lat' dir='ltr'><strong>conciliabulo</strong></span> <span class='ocrx_word' id='word_1_263' title='bbox 1799 3318 2092 3404; x_wconf 90' lang='lat' dir='ltr'><strong>templum</strong></span> <span class='ocrx_word' id='word_1_264' title='bbox 2116 3315 2261 3382; x_wconf 89' lang='lat' dir='ltr'><strong>Divi</strong></span> <span class='ocrx_word' id='word_1_265' title='bbox 2300 3315 2536 3382; x_wconf 86' lang='lat' dir='ltr'><strong>Patritii</strong></span> <span class='ocrx_word' id='word_1_266' title='bbox 2562 3337 2708 3402; x_wconf 82' lang='lat' dir='ltr'><strong>prae-</strong></span> 
     </span>
     <span class='ocr_line' id='line_1_30' title="bbox 334 3401 2711 3489; baseline 0 -22"><span class='ocrx_word' id='word_1_267' title='bbox 334 3402 632 3470; x_wconf 86' lang='lat' dir='ltr'><strong>stitutum.</strong></span> <span class='ocrx_word' id='word_1_268' title='bbox 720 3404 821 3469; x_wconf 93' lang='lat' dir='ltr'><strong>Ibi</strong></span> <span class='ocrx_word' id='word_1_269' title='bbox 866 3405 1074 3471; x_wconf 84' lang='lat' dir='ltr'><strong>sedent</strong></span> <span class='ocrx_word' id='word_1_270' title='bbox 1119 3405 1187 3470; x_wconf 90' lang='lat' dir='ltr'><strong>in</strong></span> <span class='ocrx_word' id='word_1_271' title='bbox 1230 3403 1462 3470; x_wconf 85' lang='lat' dir='ltr'><strong>duabus</strong></span> <span class='ocrx_word' id='word_1_272' title='bbox 1510 3405 1696 3472; x_wconf 76' lang='lat' dir='ltr'><strong>aulist</strong></span> <span class='ocrx_word' id='word_1_273' title='bbox 1738 3403 1806 3469; x_wconf 92' lang='lat' dir='ltr'><strong>in</strong></span> <span class='ocrx_word' id='word_1_274' title='bbox 1855 3405 2055 3483; x_wconf 89' lang='lat' dir='ltr'><strong>altera,</strong></span> <span class='ocrx_word' id='word_1_275' title='bbox 2107 3425 2240 3489; x_wconf 81' lang='lat' dir='ltr'><strong>quae</strong></span> <span class='ocrx_word' id='word_1_276' title='bbox 2285 3403 2527 3468; x_wconf 87' lang='lat' dir='ltr'><strong>inferior</strong></span> <span class='ocrx_word' id='word_1_277' title='bbox 2576 3401 2711 3468; x_wconf 85' lang='lat' dir='ltr'><strong>aula</strong></span> 
     </span>
     <span class='ocr_line' id='line_1_31' title="bbox 334 3488 2706 3577; baseline -0.002 -21"><span class='ocrx_word' id='word_1_278' title='bbox 334 3497 597 3571; x_wconf 85' lang='lat' dir='ltr'><strong>vocatur,</strong></span> <span class='ocrx_word' id='word_1_279' title='bbox 627 3492 1099 3577; x_wconf 80' lang='lat' dir='ltr'><strong>magistratuum,</strong></span> <span class='ocrx_word' id='word_1_280' title='bbox 1147 3514 1253 3556; x_wconf 87' lang='lat' dir='ltr'><strong>seu</strong></span> <span class='ocrx_word' id='word_1_281' title='bbox 1298 3492 1624 3572; x_wconf 83' lang='lat' dir='ltr'><strong>civitatum,</strong></span> <span class='ocrx_word' id='word_1_282' title='bbox 1654 3499 1716 3558; x_wconf 90' lang='lat' dir='ltr'><strong>et</strong></span> <span class='ocrx_word' id='word_1_283' title='bbox 1742 3490 2008 3556; x_wconf 86' lang='lat' dir='ltr'><strong>tribuum</strong></span> <span class='ocrx_word' id='word_1_284' title='bbox 2036 3496 2440 3576; x_wconf 87' lang='lat' dir='ltr'><strong>procuratores</strong></span> <span class='ocrx_word' id='word_1_285' title='bbox 2470 3488 2544 3553; x_wconf 92' lang='lat' dir='ltr'><strong>de</strong></span> <span class='ocrx_word' id='word_1_286' title='bbox 2570 3510 2706 3573; x_wconf 88' lang='lat' dir='ltr'><strong>pro-</strong></span> 
     </span>
     <span class='ocr_line' id='line_1_32' title="bbox 332 3575 2707 3664; baseline -0.002 -22"><span class='ocrx_word' id='word_1_287' title='bbox 332 3577 529 3662; x_wconf 71' lang='lat' dir='ltr'><strong>posita</strong></span> <span class='ocrx_word' id='word_1_288' title='bbox 554 3599 618 3643; x_wconf 89' lang='lat' dir='ltr'><strong>re</strong></span> <span class='ocrx_word' id='word_1_289' title='bbox 644 3579 813 3664; x_wconf 86' lang='lat' dir='ltr'><strong>prius</strong></span> <span class='ocrx_word' id='word_1_290' title='bbox 858 3579 1203 3644; x_wconf 88' lang='lat' dir='ltr'><strong>decernunt.</strong></span> <span class='ocrx_word' id='word_1_291' title='bbox 1289 3578 1523 3644; x_wconf 82' lang='lat' dir='ltr'><strong>Deinde</strong></span> <span class='ocrx_word' id='word_1_292' title='bbox 1571 3578 1647 3644; x_wconf 91' lang='lat' dir='ltr'><strong>ad</strong></span> <span class='ocrx_word' id='word_1_293' title='bbox 1692 3577 2011 3662; x_wconf 85' lang='lat' dir='ltr'><strong>dignitates</strong></span> <span class='ocrx_word' id='word_1_294' title='bbox 2039 3577 2104 3641; x_wconf 92' lang='lat' dir='ltr'><strong>in</strong></span> <span class='ocrx_word' id='word_1_295' title='bbox 2133 3576 2316 3640; x_wconf 66' lang='lat' dir='ltr'><strong>altera</strong></span> <span class='ocrx_word' id='word_1_296' title='bbox 2343 3575 2495 3654; x_wconf 65' lang='lat' dir='ltr'><strong>aula,</strong></span> <span class='ocrx_word' id='word_1_297' title='bbox 2528 3595 2707 3659; x_wconf 90' lang='lat' dir='ltr'><strong>quam</strong></span> 
     </span>
     <span class='ocr_line' id='line_1_33' title="bbox 333 3661 2704 3749; baseline -0 -22"><span class='ocrx_word' id='word_1_298' title='bbox 333 3665 694 3749; x_wconf 87' lang='lat' dir='ltr'><strong>superiorem</strong></span> <span class='ocrx_word' id='word_1_299' title='bbox 743 3665 969 3744; x_wconf 87' lang='lat' dir='ltr'><strong>dicunt,</strong></span> <span class='ocrx_word' id='word_1_300' title='bbox 1022 3663 1292 3730; x_wconf 84' lang='lat' dir='ltr'><strong>sedentes</strong></span> <span class='ocrx_word' id='word_1_301' title='bbox 1338 3665 1619 3731; x_wconf 84' lang='lat' dir='ltr'><strong>referunt.</strong></span> <span class='ocrx_word' id='word_1_302' title='bbox 1708 3663 1881 3742; x_wconf 81' lang='lat' dir='ltr'><strong>Quae,</strong></span> <span class='ocrx_word' id='word_1_303' title='bbox 1913 3663 1963 3728; x_wconf 90' lang='lat' dir='ltr'><strong>si</strong></span> <span class='ocrx_word' id='word_1_304' title='bbox 1990 3661 2466 3749; x_wconf 87' lang='lat' dir='ltr'><strong>procuratoribus</strong></span> <span class='ocrx_word' id='word_1_305' title='bbox 2509 3683 2704 3726; x_wconf 81' lang='lat' dir='ltr'><strong>assen-</strong></span> 
     </span>
     <span class='ocr_line' id='line_1_34' title="bbox 331 3747 2704 3852; baseline -0.001 -38"><span class='ocrx_word' id='word_1_306' title='bbox 331 3748 585 3848; x_wconf 71' lang='lat' dir='ltr'><strong>tiuntur,</strong></span> <span class='ocrx_word' id='word_1_307' title='bbox 621 3753 735 3816; x_wconf 86' lang='lat' dir='ltr'><strong>&#39;am</strong></span> <span class='ocrx_word' id='word_1_308' title='bbox 762 3751 1110 3836; x_wconf 83' lang='lat' dir='ltr'><strong>parlamenti</strong></span> <span class='ocrx_word' id='word_1_309' title='bbox 1138 3750 1371 3852; x_wconf 77' lang='lat' dir='ltr'><strong>decreta</strong></span> <span class='ocrx_word' id='word_1_310' title='bbox 1397 3751 1545 3851; x_wconf 72' lang='lat' dir='ltr'><strong>legis</strong></span> <span class='ocrx_word' id='word_1_311' title='bbox 1574 3754 1836 3838; x_wconf 82' lang='lat' dir='ltr'><strong>vigorem</strong></span> <span class='ocrx_word' id='word_1_312' title='bbox 1865 3749 2194 3848; x_wconf 63' lang='lat' dir='ltr'><strong>habebunt,</strong></span> <span class='ocrx_word' id='word_1_313' title='bbox 2218 3747 2704 3847; x_wconf 69' lang='lat' dir='ltr'><strong>assensuprinci-</strong></span> 
     </span>
     <span class='ocr_line' id='line_1_35' title="bbox 328 3834 2705 4009; baseline -0 -22"><span class='ocrx_word' id='word_1_314' title='bbox 328 3834 2705 4009; x_wconf 42' lang='lat' dir='ltr'><strong>{312⁰oeffatim„233321233523122353ffissgsstffitssssfflffl</strong></span> 
     </span>
     <span class='ocr_line' id='line_1_36' title="bbox 329 4009 2704 4097; baseline -0 -25"><span class='ocrx_word' id='word_1_315' title='bbox 329 4015 452 4072; x_wconf 89' lang='lat' dir='ltr'><strong>tur.</strong></span> <span class='ocrx_word' id='word_1_316' title='bbox 540 4009 950 4096; x_wconf 85' lang='lat' dir='ltr'><strong>Dignitatibus</strong></span> <span class='ocrx_word' id='word_1_317' title='bbox 1021 4017 1193 4077; x_wconf 84' lang='lat' dir='ltr'><strong>raeest</strong></span> <span class='ocrx_word' id='word_1_318' title='bbox 1218 4009 1676 4090; x_wconf 81' lang='lat' dir='ltr'><strong>Chanccllarius,</strong></span> <span class='ocrx_word' id='word_1_319' title='bbox 1705 4009 1800 4075; x_wconf 88' lang='lat' dir='ltr'><strong>vel</strong></span> <span class='ocrx_word' id='word_1_320' title='bbox 1828 4011 1925 4075; x_wconf 85' lang='lat' dir='ltr'><strong>cui</strong></span> <span class='ocrx_word' id='word_1_321' title='bbox 1953 4010 2235 4097; x_wconf 86' lang='lat' dir='ltr'><strong>principis</strong></span> <span class='ocrx_word' id='word_1_322' title='bbox 2265 4009 2421 4074; x_wconf 84' lang='lat' dir='ltr'><strong>vices</strong></span> <span class='ocrx_word' id='word_1_323' title='bbox 2530 4014 2704 4074; x_wconf 88' lang='lat' dir='ltr'><strong>eruut</strong></span> 
     </span>
     <span class='ocr_line' id='line_1_37' title="bbox 328 4094 2704 4186; baseline 0 -27"><span class='ocrx_word' id='word_1_324' title='bbox 328 4094 633 4182; x_wconf 62' lang='lat' dir='ltr'><strong>delegatae.</strong></span> <span class='ocrx_word' id='word_1_325' title='bbox 722 4095 872 4164; x_wconf 81' lang='lat' dir='ltr'><strong>Haec</strong></span> <span class='ocrx_word' id='word_1_326' title='bbox 922 4121 957 4164; x_wconf 88' lang='lat' dir='ltr'><strong>a</strong></span> <span class='ocrx_word' id='word_1_327' title='bbox 1041 4097 1389 4184; x_wconf 83' lang='lat' dir='ltr'><strong>parlamenti</strong></span> <span class='ocrx_word' id='word_1_328' title='bbox 1428 4099 1874 4186; x_wconf 90' lang='lat' dir='ltr'><strong>explicationem</strong></span> <span class='ocrx_word' id='word_1_329' title='bbox 1919 4097 2154 4176; x_wconf 82' lang='lat' dir='ltr'><strong>dixisse,</strong></span> <span class='ocrx_word' id='word_1_330' title='bbox 2197 4095 2432 4162; x_wconf 86' lang='lat' dir='ltr'><strong>sufficit.</strong></span> <span class='ocrx_word' id='word_1_331' title='bbox 2519 4095 2704 4160; x_wconf 86' lang='lat' dir='ltr'><strong>Nunc</strong></span> 
     </span>
    </p>
   </div>
   <div class='ocr_carea' id='block_1_3' title="bbox 328 4163 2900 4267">
    <p class='ocr_par' dir='ltr' id='par_1_3' title="bbox 328 4163 2900 4267">
     <span class='ocr_line' id='line_1_38' title="bbox 328 4163 2900 4267; baseline -0.004 -17"><span class='ocrx_word' id='word_1_332' title='bbox 328 4181 405 4249; x_wconf 85' lang='lat' dir='ltr'><strong>ad</strong></span> <span class='ocrx_word' id='word_1_333' title='bbox 434 4183 741 4250; x_wconf 85' lang='lat' dir='ltr'><strong>historiam</strong></span> <span class='ocrx_word' id='word_1_334' title='bbox 768 4190 1029 4250; x_wconf 88' lang='lat' dir='ltr'><strong>nostram</strong></span> <span class='ocrx_word' id='word_1_335' title='bbox 1059 4184 1383 4250; x_wconf 84' lang='lat' dir='ltr'><strong>redeamus.</strong></span> <span class='ocrx_word' id='word_1_336' title='bbox 1394 4187 1422 4267; x_wconf 90' lang='grc' dir='ltr'><strong>ΙΙ</strong></span> <span class='ocrx_word' id='word_1_337' title='bbox 2727 4163 2900 4232; x_wconf 78' lang='lat'><strong>[238.]</strong></span> 
     </span>
    </p>
   </div>
  </div>
 </body>
</html>
