3634 5842
402 625 540 671 car.
559 604 666 689 11.]
1120 629 1204 674 na
1247 627 1642 674 tunsa'romo
1683 630 1829 675 mvi
1868 630 2166 676 runnu.
2694 613 2771 676 21

399 779 548 845 illud
577 780 835 847 adeundi
863 785 1214 867 potestatem
1243 785 1414 870 petit.
1503 782 1668 848 Solet
1707 784 1956 848 antistes
1983 783 2324 851 facultatem
2354 785 2601 870 petenti,
2632 807 2775 851 ausa

398 866 660 952 primum
687 891 814 936 non
840 867 1072 934 levibus
1113 869 1476 954 argumentis
1505 869 1863 949 dissuadere,
1891 872 1977 936 rei
2005 870 2334 957 perieulum
2362 892 2471 956 pro
2550 871 2769 950 nend0,

399 955 726 1039 praesertim
755 955 918 1040 quod
943 955 1125 1040 aliqui
1153 955 1373 1022 fuerint
1399 956 1668 1041 ingressi,
1698 963 1760 1022 et
1785 979 2093 1044 nunquam
2120 959 2390 1042 regressi.
2472 892 2549 1022 gi,
2570 965 2771 1023 tamen

399 1040 700 1108 hominem
729 1043 912 1108 sentit
937 1043 1214 1128 incaeptis
1241 1048 1580 1108 constanter
1619 1044 1909 1124 insistere,
1950 1043 2177 1110 litteras
2214 1044 2302 1110 illi
2330 1045 2405 1109 ad
2432 1045 2774 1110 monasterii

399 1129 747 1212 praefectum
776 1130 898 1195 dat.
984 1129 1050 1194 Is
1077 1131 1255 1195 etiam
1283 1153 1422 1195 cum
1449 1153 1572 1194 non
1599 1131 1798 1196 minus
1826 1131 1901 1197 ab
1930 1131 2206 1217 incaeptis
2226 1138 2475 1197 conatur
2492 1139 2772 1211 avertere,

401 1237 671 1294 exorans,
702 1223 774 1282 ut
802 1216 916 1282 alia
941 1217 1142 1301 potius
1169 1225 1444 1304 suscepta
1471 1218 1835 1302 poenitentia,
1866 1225 2108 1305 peccata
2134 1219 2349 1304 expiet,
2382 1241 2559 1305 quam
2588 1219 2773 1284 animi

401 1305 778 1389 corporisque
806 1302 1055 1370 salutem
1084 1325 1154 1368 eo
1183 1304 1538 1370 discriminis
1567 1303 1842 1370 deducat.
1931 1306 2039 1370 Sin
2065 1303 2235 1370 illum
2264 1329 2299 1372 a
2327 1307 2622 1371 sententia
2649 1327 2773 1371 non

399 1395 598 1475 potest
625 1389 936 1470 deterrere,
957 1391 1024 1456 in
1039 1390 1328 1476 templum
1348 1392 1596 1457 ductum
1623 1391 1915 1477 precibus,
1946 1399 2007 1458 et
2028 1392 2400 1478 poenitentiae
2422 1394 2771 1479 praescripto

399 1485 664 1562 tempore
691 1478 835 1544 facit
859 1477 1219 1543 incumbere.
1304 1478 1540 1544 Deinde
1559 1485 1728 1543 curat
1752 1480 2035 1545 finitimos
2077 1479 2407 1544 sacerdotes
2437 1481 2770 1546 convenire.

405 1563 650 1629 Sacrum
679 1565 889 1632 Missae
919 1563 1080 1650 quod
1109 1565 1380 1630 camillo
1407 1587 1586 1631 versu
1627 1570 1672 1601 “
1687 1565 1975 1653 Requiem
2018 1571 2317 1631 aeternam
2346 1565 2504 1631 dona
2530 1567 2615 1632 eis
2643 1567 2770 1631 Do-

401 1651 602 1717 mine”
645 1674 755 1737 pro
784 1654 906 1717 vita
936 1651 1230 1717 defunctis
1258 1653 1519 1732 offertur,
1549 1657 1730 1718 cantu
1773 1659 1837 1719 et
1863 1653 2235 1719 solemnitate
2262 1651 2563 1734 celebrari,
2580 1653 2773 1718 homi·

402 1759 540 1804 nem
567 1738 784 1804 viatico
833 1738 1202 1804 sacrosancti
1249 1738 1528 1826 Corporis
1569 1737 1819 1805 Domini
1858 1741 2037 1820 refici,
2082 1761 2235 1825 aqua
2276 1761 2459 1819 saera,
2489 1741 2769 1825 quemad-

401 1825 646 1890 modum
675 1849 710 1890 a
735 1825 894 1892 Divo
923 1824 1175 1891 Patritio
1210 1825 1327 1892 fuit
1367 1826 1708 1892 institutum
1740 1828 1956 1914 spargi,
1989 1849 2204 1914 pompa
2232 1825 2602 1892 sacerdotum
2632 1850 2769 1892 can-

399 1912 630 1977 entium
649 1897 936 1990 Litanias,
965 1911 1292 1999 populique
1317 1913 1618 1999 sequentis
1645 1913 1722 1978 ad
1749 1915 1968 1979 ostium
2000 1915 2327 2000 purgatorii
2354 1913 2586 1980 adduci.
2655 1913 2771 1980 Ubi

399 1999 616 2064 iterum
659 1999 1056 2085 periculorum
1100 2001 1443 2066 memoriam
1490 2022 1802 2081 renovans,
1848 2002 2151 2066 hominem
2204 2007 2377 2086 rogat
2432 2023 2510 2065 ne
2562 2000 2768 2066 intret.

403 2085 602 2156 Quem
648 2095 869 2166 tamen,
915 2087 966 2152 si
1013 2093 1382 2152 constantem
1431 2087 1742 2172 comperit,
1781 2089 2172 2155 sanctissimae
2216 2088 2406 2154 crucis
2435 2088 2609 2188 signo
2636 2110 2769 2152 mu-

395 2175 572 2239 niens
606 2173 792 2260 (quod
822 2185 884 2239 et
909 2173 1120 2259 reliqui
1162 2174 1506 2240 Sacerdotes
1534 2173 1610 2239 ad
1637 2196 1828 2239 unum
1868 2175 2119 2259 faciunt)
2170 2181 2372 2261 aperto
2400 2181 2554 2241 ostio
2581 2175 2769 2240 intro-

400 2261 608 2340 mittit,
639 2268 698 2327 et
735 2260 1020 2328 obseratis
1070 2282 1274 2326 rursus
1319 2260 1547 2326 foribus
1597 2269 1862 2327 orantem
1905 2261 2204 2346 relinquit.
2292 2261 2540 2328 Postero
2570 2262 2667 2327 die
2696 2261 2773 2326 ad

401 2348 670 2413 eamdem
725 2349 932 2414 horam
986 2346 1238 2427 rediens,
1297 2349 1350 2413 si
1395 2354 1596 2433 aperta
1645 2348 1847 2433 janua,
1898 2349 2199 2415 hominem
2252 2349 2517 2428 offendit,
2568 2349 2773 2414 eadem

399 2457 621 2521 pompa
646 2436 712 2501 in
739 2435 1442 2513 monasterium-reducit,
1472 2434 1849 2520 hospitioque
1896 2444 2210 2522 exceptum
2237 2436 2474 2517 retinet,
2512 2437 2656 2502 dum
2682 2435 2773 2500 illi

399 2521 618 2607 placet.
707 2521 816 2587 Sin
841 2523 986 2588 hora
1014 2522 1189 2587 solita
1213 2523 1281 2587 in
1308 2528 1480 2588 antro
1507 2521 1680 2586 illum
1707 2543 1833 2588 non
1876 2523 2171 2602 convenit,
2202 2523 2399 2588 anima
2426 2529 2487 2588 et
2528 2545 2774 2610 corpore

399 2631 532 2673 esse
559 2607 922 2687 damnatum,
950 2607 1130 2673 habet
1157 2608 1274 2674 sibi
1299 2630 1664 2696 persuasum.

492 2694 732 2758 Primus
763 2703 962 2759 antem
988 2695 1172 2780 hujus
1217 2693 1478 2762 caenobii
1505 2707 1642 2780 post
1691 2694 2011 2759 Patritium
2060 2695 2399 2780 proefectus,
2432 2717 2609 2781 quem
2638 2696 2783 2762 vitae

400 2780 702 2868 probitate
729 2781 1024 2866 insignem
1051 2783 1236 2848 fuisse
1263 2804 1413 2859 reor,
1445 2781 1722 2846 conclave
1750 2779 1865 2846 sibi
1908 2782 2191 2847 constitui
2227 2783 2371 2848 fecit
2398 2805 2435 2848 a
2462 2782 2774 2847 canonico-

398 2890 534 2932 rum
566 2869 912 2934 dormitorio
941 2867 1323 2953 disjunctum,
1353 2889 1449 2946 ne,
1482 2868 1642 2952 quod
1671 2874 1826 2932 esset
1867 2868 2032 2933 senio
2074 2868 2381 2934 confectus
2409 2875 2471 2934 et
2498 2868 2777 2934 dentibus

399 2963 624 3040 praeter
649 2978 836 3020 unum
857 2960 1153 3020 vetustate
1171 2955 1371 3033 orbae,
1397 2953 1734 3040 junioribus
1749 2952 2007 3019 ludibrio
2032 2954 2371 3034 laederetur,
2401 2978 2521 3021 neu
2548 2956 2778 3021 minore

401 3041 795 3122 observantia,
829 3063 1006 3128 quam
1034 3063 1148 3128 pro
1177 3041 1400 3106 honore
1427 3041 1754 3130 coleretur5
1799 3063 1949 3106 neve
1990 3040 2067 3107 ad
2098 3042 2247 3107 iram
2276 3042 2539 3108 crebrius
2564 3043 2775 3107 incita-

397 3137 584 3194 retur,
672 3129 714 3194 J
715 3130 954 3195 uniores
995 3129 1268 3194 canonici
1311 3128 1415 3213 qui
1464 3127 1636 3193 illum
1677 3126 1940 3193 crebrius
1982 3127 2271 3208 visebant,
2296 3131 2567 3216 jocantes
2593 3129 2775 3194 inter-

398 3216 710 3300 rogabant,
741 3215 1027 3303 quamdiu
1076 3215 1271 3294 vellet,
1323 3217 1506 3280 vitam
1555 3215 1900 3301 perducere.
1987 3216 2145 3281 Tum
2178 3215 2279 3282 ille
2344 3221 2385 3252 “
2404 3216 2641 3282 mallem
2682 3216 2775 3281 in-

401 3302 682 3388 quiebat’'
713 3304 820 3368 filii
847 3303 1195 3381 charissimi,
1226 3304 1278 3368 si
1306 3302 1438 3368 Deo
1459 3302 1735 3388 placeret,
1767 3323 1841 3366 ex
1856 3303 1971 3368 hoc
1987 3303 2217 3368 mundo
2248 3303 2566 3382 discedere,
2598 3325 2776 3389 quam

397 3389 464 3453 in
491 3413 562 3456 eo
592 3390 818 3456 diutius
845 3390 1216 3456 commorari.
1287 3388 1368 3454 In
1395 3389 1547 3456 caelo
1565 3411 1798 3454 summa
1822 3389 2239 3476 tranquillitas,
2270 3395 2331 3455 et
2356 3391 2481 3455 vita
2505 3388 2775 3456 laborum

397 3477 670 3542 omnium
707 3480 734 3560 ΙΙ
770 3490 832 3542 et
859 3499 1134 3542 curarum
1177 3499 1425 3562 expers:
1468 3476 1568 3542 hic
1593 3475 1746 3540 nihil
1773 3484 1995 3562 praeter
2052 3477 2337 3556 dolorem,
2370 3478 2684 3555 miseriam,
2714 3485 2775 3542 et
2795 3486 2939 3554 [18.]

398 3561 854 3630 calamitatem?
941 3563 1001 3629 Ii
1027 3586 1187 3642 vero,
1219 3563 1323 3649 qui
1349 3564 1544 3628 virum
1592 3569 1866 3629 sanetum
1916 3563 2051 3630 haec
2088 3563 2607 3650 percontabantur,
2638 3585 2775 3629 cum

397 3649 498 3715 ille
528 3652 782 3717 animam
812 3651 1048 3736 egisset,
1079 3650 1396 3717 audierunt
1421 3650 1688 3736 Angelos
1715 3671 1925 3715 canere
1954 3657 2015 3714 et
2043 3672 2180 3715 eum
2208 3650 2451 3716 nomine
2478 3672 2553 3735 ap
2596 3649 2777 3715 ellan-

398 3742 494 3801 tes
537 3739 729 3804 dicere
772 3743 816 3774 “
834 3738 1060 3803 Beatus
1107 3738 1376 3816 moreris,
1423 3759 1610 3823 osque
1665 3744 1862 3815 tuum,
1916 3736 2076 3820 quod
2125 3737 2396 3822 opiparas
2443 3759 2517 3821 ep
2618 3759 2666 3816 s,
2715 3744 2777 3802 et

397 3823 682 3891 delicatos
709 3825 876 3891 cinos
903 3846 1029 3889 non
1053 3823 1282 3903 libavit,
1313 3831 1406 3890 est
1446 3823 1651 3902 felix,''
1700 3823 1922 3908 quippe
1966 3845 2118 3908 aqua
2168 3830 2231 3888 et
2270 3823 2595 3888 hordeaceo
2622 3845 2776 3910 pane

393 3917 636 3977 tantum
664 3911 921 3991 vivebat,
952 3917 1014 3976 et
1042 3932 1112 3975 ea
1137 3931 1272 3976 raro
1301 3909 1592 3996 capiebat.
1680 3909 1943 3994 Tempus
1973 3917 2065 3974 est
2094 3917 2161 3974 ut
2197 3910 2585 3996 profectionis
2627 3931 2777 3976 meze

395 3999 687 4064 rationem
715 3998 972 4076 breviter
999 4018 1310 4083 exponam.

393 4217 454 4284 ri
490 4137 550 4283 ζ,
561 4131 876 4286 Ἐςσιὲηξξε
895 4132 1206 4217 Hispanus
1232 4131 1518 4196 maionem
1543 4129 1762 4209 veddit,
1791 4152 1908 4217 qua
1958 4137 2045 4196 est
2086 4133 2367 4197 deductus
2407 4137 2477 4196 ut
2487 4137 2775 4215 pur-ycto-

455 4242 492 4283 n
655 4243 746 4285 ore
775 4269 792 4284 .

485 4333 640 4399 Cum
689 4333 934 4400 Carolus
987 4332 1202 4400 Galliae
1229 4354 1354 4412 rex,
1385 4334 1556 4419 cujus
1583 4333 1721 4398 fidei
1749 4356 1785 4399 a
1826 4341 1994 4420 patre
2021 4357 2153 4402 meo
2181 4337 2469 4402 moriente
2503 4336 2775 4402 commis-

399 4443 504 4486 sus
550 4443 686 4486 sum
713 4427 947 4487 naturae
997 4421 1098 4506 jus
1169 4418 1460 4500 solvisset,
1491 4420 1718 4486 contuli
1749 4443 1845 4486 me
1873 4421 1950 4487 ad
1977 4419 2021 4486 J
2020 4423 2313 4488 ohannem
2355 4422 2778 4488 Tar-aconensis

401 4507 716 4594 Hispaniae
745 4529 964 4593 regem,
994 4509 1166 4593 cujus
1194 4507 1282 4572 fui
1325 4507 1460 4592 jure
1501 4508 1770 4592 gentium
1802 4507 2005 4588 cliens,
2028 4515 2089 4573 et
2116 4508 2410 4588 subditus,
2450 4509 2612 4594 quod
2648 4510 2775 4595 ejus

396 4596 568 4680 regni
615 4594 836 4660 finibus
885 4595 1280 4680 possessiones
1328 4615 1480 4660 meae
1529 4595 1929 4659 continentur.
1994 4593 2085 4659 .Is
2128 4618 2223 4660 me
2266 4597 2506 4662 maximi
2546 4619 2795 4683 semper.

395 4682 556 4762 fecit,
583 4687 935 4768 tantumque
961 4682 1178 4748 amavit
1205 4686 1496 4767 quantum
1525 4681 1684 4746 ullus
1712 4703 1975 4766 unquam
1995 4703 2203 4769 regum
2230 4682 2505 4751 clientem
2548 4684 2773 4751 dilexit.
