<?xml version="1.0" encoding="UTF-8"?>
<!DOCTYPE html PUBLIC "-//W3C//DTD XHTML 1.0 Transitional//EN"
    "http://www.w3.org/TR/xhtml1/DTD/xhtml1-transitional.dtd">
<html xmlns="http://www.w3.org/1999/xhtml" xml:lang="en" lang="en">
 <head>
  <title>
</title>
<meta http-equiv="Content-Type" content="text/html;charset=utf-8" />
  <meta name='ocr-system' content='tesseract 3.04.00' />
  <meta name='ocr-capabilities' content='ocr_page ocr_carea ocr_par ocr_line ocrx_word'/>
</head>
<body>
  <div class='ocr_page' id='page_1' title='image "./historicatholic00kellgoog_0277.png"; bbox 0 0 3634 5842; ppageno 0'>
   <div class='ocr_carea' id='block_1_1' title="bbox 373 723 2759 808">
    <p class='ocr_par' dir='ltr' id='par_1_1' title="bbox 373 723 2759 808">
     <span class='ocr_line' id='line_1_1' title="bbox 373 723 2759 808; baseline 0 -21"><span class='ocrx_word' id='word_1_1' title='bbox 373 740 508 787; x_wconf 71' lang='lat' dir='ltr'><strong>car.</strong></span> <span class='ocrx_word' id='word_1_2' title='bbox 559 723 652 808; x_wconf 60' lang='grc' dir='ltr'><strong>νη]</strong></span> <span class='ocrx_word' id='word_1_3' title='bbox 1028 744 1112 789; x_wconf 76' lang='lat' dir='ltr'><strong>nn</strong></span> <span class='ocrx_word' id='word_1_4' title='bbox 1157 744 1354 790; x_wconf 66' lang='lat' dir='ltr'><strong>annno</strong></span> <span class='ocrx_word' id='word_1_5' title='bbox 1403 744 1764 795; x_wconf 69' lang='lat' dir='ltr'><strong>eumen-cm</strong></span> <span class='ocrx_word' id='word_1_6' title='bbox 1809 744 2145 790; x_wconf 70' lang='lat' dir='ltr'><strong>ANNORUH.</strong></span> <span class='ocrx_word' id='word_1_7' title='bbox 2638 725 2759 787; x_wconf 81' lang='lat'><strong>241</strong></span> 
     </span>
    </p>
   </div>
   <div class='ocr_carea' id='block_1_2' title="bbox 349 896 2960 4465">
    <p class='ocr_par' dir='ltr' id='par_1_2' title="bbox 349 896 2960 4465">
     <span class='ocr_line' id='line_1_2' title="bbox 369 896 2762 1072; baseline 0.003 -27"><span class='ocrx_word' id='word_1_8' title='bbox 369 898 1530 1071; x_wconf 47' lang='lat' dir='ltr'><strong>hssffnffisszli’itffussffiu‘fflussaffisssffl</strong></span> <span class='ocrx_word' id='word_1_9' title='bbox 1559 896 2762 1072; x_wconf 51' lang='lat' dir='ltr'><strong>f¹13321533⁵³ss0⁰t32ff12ssb⁰f231¹t2³ffi33</strong></span> 
     </span>
     <span class='ocr_line' id='line_1_3' title="bbox 365 1066 2761 1171; baseline 0.003 -40"><span class='ocrx_word' id='word_1_10' title='bbox 365 1066 613 1169; x_wconf 71' lang='lat' dir='ltr'><strong>lucerna</strong></span> <span class='ocrx_word' id='word_1_11' title='bbox 655 1070 813 1137; x_wconf 85' lang='lat' dir='ltr'><strong>foras</strong></span> <span class='ocrx_word' id='word_1_12' title='bbox 861 1080 1133 1159; x_wconf 84' lang='lat' dir='ltr'><strong>porrecta</strong></span> <span class='ocrx_word' id='word_1_13' title='bbox 1179 1074 1418 1159; x_wconf 85' lang='lat' dir='ltr'><strong>signum</strong></span> <span class='ocrx_word' id='word_1_14' title='bbox 1447 1070 1612 1151; x_wconf 82' lang='lat' dir='ltr'><strong>dans,</strong></span> <span class='ocrx_word' id='word_1_15' title='bbox 1643 1080 1714 1137; x_wconf 87' lang='lat' dir='ltr'><strong>ut</strong></span> <span class='ocrx_word' id='word_1_16' title='bbox 1755 1095 1859 1137; x_wconf 86' lang='lat' dir='ltr'><strong>sex</strong></span> <span class='ocrx_word' id='word_1_17' title='bbox 1888 1073 2032 1138; x_wconf 90' lang='lat' dir='ltr'><strong>socii</strong></span> <span class='ocrx_word' id='word_1_18' title='bbox 2062 1071 2430 1171; x_wconf 81' lang='lat' dir='ltr'><strong>desilientem</strong></span> <span class='ocrx_word' id='word_1_19' title='bbox 2458 1072 2761 1155; x_wconf 79' lang='lat' dir='ltr'><strong>excepturi</strong></span> 
     </span>
     <span class='ocr_line' id='line_1_4' title="bbox 367 1159 2761 1341; baseline 0.001 -34"><span class='ocrx_word' id='word_1_20' title='bbox 367 1166 880 1341; x_wconf 50' lang='lat' dir='ltr'><strong>ffssss‘f’g&#39;fflsssffi‘</strong></span> <span class='ocrx_word' id='word_1_21' title='bbox 890 1159 1302 1333; x_wconf 51' lang='lat' dir='ltr'><strong>103³..ssssss</strong></span> <span class='ocrx_word' id='word_1_22' title='bbox 1303 1159 1752 1333; x_wconf 53' lang='lat' dir='ltr'><strong>{ffirffipiffss</strong></span> <span class='ocrx_word' id='word_1_23' title='bbox 1743 1160 2103 1332; x_wconf 57' lang='lat' dir='ltr'><strong>ffissffla</strong></span> <span class='ocrx_word' id='word_1_24' title='bbox 2115 1164 2761 1329; x_wconf 55' lang='lat' dir='ltr'><strong>ffizssffiffgffi</strong></span> 
     </span>
     <span class='ocr_line' id='line_1_5' title="bbox 365 1327 2761 1419; baseline 0.002 -26"><span class='ocrx_word' id='word_1_25' title='bbox 365 1327 756 1397; x_wconf 82' lang='lat' dir='ltr'><strong>Excidentem</strong></span> <span class='ocrx_word' id='word_1_26' title='bbox 785 1332 1062 1398; x_wconf 84' lang='lat' dir='ltr'><strong>Oarolum</strong></span> <span class='ocrx_word' id='word_1_27' title='bbox 1091 1356 1194 1399; x_wconf 84' lang='lat' dir='ltr'><strong>sex</strong></span> <span class='ocrx_word' id='word_1_28' title='bbox 1221 1333 1515 1419; x_wconf 88' lang='lat' dir='ltr'><strong>conjurati</strong></span> <span class='ocrx_word' id='word_1_29' title='bbox 1541 1340 1785 1398; x_wconf 86' lang='lat' dir='ltr'><strong>extenso</strong></span> <span class='ocrx_word' id='word_1_30' title='bbox 1812 1333 1992 1417; x_wconf 88' lang='lat' dir='ltr'><strong>pallio</strong></span> <span class='ocrx_word' id='word_1_31' title='bbox 2020 1333 2273 1397; x_wconf 79' lang='lat' dir='ltr'><strong>illaesnm</strong></span> <span class='ocrx_word' id='word_1_32' title='bbox 2300 1334 2367 1396; x_wconf 87' lang='lat' dir='ltr'><strong>in</strong></span> <span class='ocrx_word' id='word_1_33' title='bbox 2390 1354 2525 1413; x_wconf 15' lang='lat' dir='ltr'><strong>‘aere</strong></span> <span class='ocrx_word' id='word_1_34' title='bbox 2566 1332 2761 1416; x_wconf 89' lang='lat' dir='ltr'><strong>prius-</strong></span> 
     </span>
     <span class='ocr_line' id='line_1_6' title="bbox 367 1418 2756 1507; baseline 0.001 -26"><span class='ocrx_word' id='word_1_35' title='bbox 367 1437 548 1501; x_wconf 83' lang='lat' dir='ltr'><strong>quam</strong></span> <span class='ocrx_word' id='word_1_36' title='bbox 575 1423 793 1484; x_wconf 82' lang='lat' dir='ltr'><strong>terram</strong></span> <span class='ocrx_word' id='word_1_37' title='bbox 811 1420 1030 1505; x_wconf 85' lang='lat' dir='ltr'><strong>attigit,</strong></span> <span class='ocrx_word' id='word_1_38' title='bbox 1047 1421 1430 1507; x_wconf 57' lang='lat' dir='ltr'><strong>excipiam,</strong></span> <span class='ocrx_word' id='word_1_39' title='bbox 1462 1418 1537 1485; x_wconf 87' lang='lat' dir='ltr'><strong>ad</strong></span> <span class='ocrx_word' id='word_1_40' title='bbox 1560 1442 1638 1505; x_wconf 91' lang='lat' dir='ltr'><strong>op</strong></span> <span class='ocrx_word' id='word_1_41' title='bbox 1679 1419 1766 1485; x_wconf 90' lang='lat' dir='ltr'><strong>idi</strong></span> <span class='ocrx_word' id='word_1_42' title='bbox 1792 1441 2033 1484; x_wconf 87' lang='lat' dir='ltr'><strong>murum</strong></span> <span class='ocrx_word' id='word_1_43' title='bbox 2060 1441 2198 1483; x_wconf 88' lang='lat' dir='ltr'><strong>cum</strong></span> <span class='ocrx_word' id='word_1_44' title='bbox 2226 1419 2390 1483; x_wconf 83' lang='lat' dir='ltr'><strong>furto</strong></span> <span class='ocrx_word' id='word_1_45' title='bbox 2418 1426 2756 1504; x_wconf 86' lang='lat' dir='ltr'><strong>properant.</strong></span> 
     </span>
     <span class='ocr_line' id='line_1_7' title="bbox 363 1442 2763 1593; baseline 0.002 -26"><span class='ocrx_word' id='word_1_46' title='bbox 363 1500 680 1588; x_wconf 81' lang='lat' dir='ltr'><strong>Fugientis</strong></span> <span class='ocrx_word' id='word_1_47' title='bbox 711 1506 982 1572; x_wconf 83' lang='lat' dir='ltr'><strong>-vinculis</strong></span> <span class='ocrx_word' id='word_1_48' title='bbox 1030 1507 1258 1593; x_wconf 86' lang='lat' dir='ltr'><strong>lapides</strong></span> <span class='ocrx_word' id='word_1_49' title='bbox 1297 1442 1768 1593; x_wconf 56' lang='lat' dir='ltr'><strong>percutientizus</strong></span> <span class='ocrx_word' id='word_1_50' title='bbox 1808 1506 2017 1592; x_wconf 85' lang='lat' dir='ltr'><strong>vigiles</strong></span> <span class='ocrx_word' id='word_1_51' title='bbox 2046 1528 2261 1571; x_wconf 89' lang='lat' dir='ltr'><strong>sonum</strong></span> <span class='ocrx_word' id='word_1_52' title='bbox 2290 1508 2613 1571; x_wconf 79' lang='lat' dir='ltr'><strong>sentientes</strong></span> <span class='ocrx_word' id='word_1_53' title='bbox 2640 1527 2763 1571; x_wconf 87' lang='lat' dir='ltr'><strong>una</strong></span> 
     </span>
     <span class='ocr_line' id='line_1_8' title="bbox 368 1591 2761 1679; baseline 0 -23"><span class='ocrx_word' id='word_1_54' title='bbox 368 1612 507 1656; x_wconf 86' lang='lat' dir='ltr'><strong>cum</strong></span> <span class='ocrx_word' id='word_1_55' title='bbox 535 1591 870 1657; x_wconf 84' lang='lat' dir='ltr'><strong>vicinorum</strong></span> <span class='ocrx_word' id='word_1_56' title='bbox 895 1594 1164 1659; x_wconf 78' lang='lat' dir='ltr'><strong>tumultu</strong></span> <span class='ocrx_word' id='word_1_57' title='bbox 1215 1618 1244 1659; x_wconf 86' lang='lat' dir='ltr'><strong>s</strong></span> <span class='ocrx_word' id='word_1_58' title='bbox 1320 1601 1564 1659; x_wconf 86' lang='lat' dir='ltr'><strong>uuntur.</strong></span> <span class='ocrx_word' id='word_1_59' title='bbox 1653 1592 1911 1678; x_wconf 84' lang='lat' dir='ltr'><strong>Jamque</strong></span> <span class='ocrx_word' id='word_1_60' title='bbox 1938 1615 2045 1679; x_wconf 89' lang='lat' dir='ltr'><strong>per</strong></span> <span class='ocrx_word' id='word_1_61' title='bbox 2070 1591 2283 1657; x_wconf 86' lang='lat' dir='ltr'><strong>urbem</strong></span> <span class='ocrx_word' id='word_1_62' title='bbox 2310 1598 2499 1657; x_wconf 88' lang='lat' dir='ltr'><strong>totam</strong></span> <span class='ocrx_word' id='word_1_63' title='bbox 2528 1592 2761 1657; x_wconf 84' lang='lat' dir='ltr'><strong>concla-</strong></span> 
     </span>
     <span class='ocr_line' id='line_1_9' title="bbox 366 1616 2761 1766; baseline 0.001 -26"><span class='ocrx_word' id='word_1_64' title='bbox 366 1682 566 1743; x_wconf 85' lang='lat' dir='ltr'><strong>matur</strong></span> <span class='ocrx_word' id='word_1_65' title='bbox 589 1705 606 1743; x_wconf 75' lang='lat' dir='ltr'><em>z</em></span> <span class='ocrx_word' id='word_1_66' title='bbox 653 1679 729 1744; x_wconf 87' lang='lat' dir='ltr'><strong>ad</strong></span> <span class='ocrx_word' id='word_1_67' title='bbox 757 1702 919 1745; x_wconf 86' lang='lat' dir='ltr'><strong>arma</strong></span> <span class='ocrx_word' id='word_1_68' title='bbox 947 1682 1198 1747; x_wconf 85' lang='lat' dir='ltr'><strong>canitur.</strong></span> <span class='ocrx_word' id='word_1_69' title='bbox 1245 1616 1592 1758; x_wconf 51' lang='lat' dir='ltr'><strong>effiuoemae,</strong></span> <span class='ocrx_word' id='word_1_70' title='bbox 1611 1680 1887 1764; x_wconf 82' lang='lat' dir='ltr'><strong>facesque</strong></span> <span class='ocrx_word' id='word_1_71' title='bbox 1906 1701 2013 1766; x_wconf 86' lang='lat' dir='ltr'><strong>per</strong></span> <span class='ocrx_word' id='word_1_72' title='bbox 2032 1680 2309 1765; x_wconf 87' lang='lat' dir='ltr'><strong>compita,</strong></span> <span class='ocrx_word' id='word_1_73' title='bbox 2330 1678 2761 1764; x_wconf 89' lang='lat' dir='ltr'><strong>domorumque</strong></span> 
     </span>
     <span class='ocr_line' id='line_1_10' title="bbox 367 1762 2759 1833; baseline 0.001 -5"><span class='ocrx_word' id='word_1_74' title='bbox 367 1762 654 1831; x_wconf 80' lang='lat' dir='ltr'><strong>fenestras</strong></span> <span class='ocrx_word' id='word_1_75' title='bbox 704 1767 1130 1833; x_wconf 85' lang='lat' dir='ltr'><strong>accenduntur.</strong></span> <span class='ocrx_word' id='word_1_76' title='bbox 1220 1766 1460 1832; x_wconf 85' lang='lat' dir='ltr'><strong>Interea</strong></span> <span class='ocrx_word' id='word_1_77' title='bbox 1487 1789 1561 1831; x_wconf 84' lang='lat' dir='ltr'><strong>ex</strong></span> <span class='ocrx_word' id='word_1_78' title='bbox 1589 1788 1689 1831; x_wconf 86' lang='lat' dir='ltr'><strong>sex</strong></span> <span class='ocrx_word' id='word_1_79' title='bbox 1719 1766 1919 1831; x_wconf 85' lang='lat' dir='ltr'><strong>Caroli</strong></span> <span class='ocrx_word' id='word_1_80' title='bbox 1947 1765 2238 1831; x_wconf 77' lang='lat' dir='ltr'><strong>militibus</strong></span> <span class='ocrx_word' id='word_1_81' title='bbox 2268 1764 2389 1831; x_wconf 90' lang='lat' dir='ltr'><strong>dno</strong></span> <span class='ocrx_word' id='word_1_82' title='bbox 2421 1763 2759 1831; x_wconf 88' lang='lat' dir='ltr'><strong>subsistunt</strong></span> 
     </span>
     <span class='ocr_line' id='line_1_11' title="bbox 367 1851 2760 1941; baseline 0 -25"><span class='ocrx_word' id='word_1_83' title='bbox 367 1853 742 1936; x_wconf 86' lang='lat' dir='ltr'><strong>sequentium</strong></span> <span class='ocrx_word' id='word_1_84' title='bbox 769 1854 1062 1941; x_wconf 84' lang='lat' dir='ltr'><strong>impetum</strong></span> <span class='ocrx_word' id='word_1_85' title='bbox 1092 1853 1310 1919; x_wconf 88' lang='lat' dir='ltr'><strong>strictis</strong></span> <span class='ocrx_word' id='word_1_86' title='bbox 1340 1853 1552 1939; x_wconf 81' lang='lat' dir='ltr'><strong>gladiis</strong></span> <span class='ocrx_word' id='word_1_87' title='bbox 1623 1875 1897 1939; x_wconf 83' lang='lat' dir='ltr'><strong>ammper</strong></span> <span class='ocrx_word' id='word_1_88' title='bbox 1925 1852 2305 1919; x_wconf 81' lang='lat' dir='ltr'><strong>sustinentes.</strong></span> <span class='ocrx_word' id='word_1_89' title='bbox 2366 1851 2760 1938; x_wconf 82' lang='lat' dir='ltr'><strong>Reliquorum</strong></span> 
     </span>
     <span class='ocr_line' id='line_1_12' title="bbox 367 1876 2761 2027; baseline 0 -24"><span class='ocrx_word' id='word_1_90' title='bbox 367 1944 644 2023; x_wconf 87' lang='lat' dir='ltr'><strong>quatuor,</strong></span> <span class='ocrx_word' id='word_1_91' title='bbox 677 1940 798 2006; x_wconf 91' lang='lat' dir='ltr'><strong>duo</strong></span> <span class='ocrx_word' id='word_1_92' title='bbox 829 1964 892 2006; x_wconf 86' lang='lat' dir='ltr'><strong>se</strong></span> <span class='ocrx_word' id='word_1_93' title='bbox 921 1962 998 2006; x_wconf 84' lang='lat' dir='ltr'><strong>ex</strong></span> <span class='ocrx_word' id='word_1_94' title='bbox 1049 1962 1222 2007; x_wconf 87' lang='lat' dir='ltr'><strong>muro</strong></span> <span class='ocrx_word' id='word_1_95' title='bbox 1271 1942 1527 2027; x_wconf 88' lang='lat' dir='ltr'><strong>primum</strong></span> <span class='ocrx_word' id='word_1_96' title='bbox 1581 1876 1925 2025; x_wconf 64' lang='lat' dir='ltr'><strong>gejicientes</strong></span> <span class='ocrx_word' id='word_1_97' title='bbox 1952 1939 2227 2006; x_wconf 85' lang='lat' dir='ltr'><strong>Carolum</strong></span> <span class='ocrx_word' id='word_1_98' title='bbox 2260 1938 2337 2005; x_wconf 87' lang='lat' dir='ltr'><strong>ab</strong></span> <span class='ocrx_word' id='word_1_99' title='bbox 2364 1938 2495 2005; x_wconf 84' lang='lat' dir='ltr'><strong>aliis</strong></span> <span class='ocrx_word' id='word_1_100' title='bbox 2524 1937 2761 2004; x_wconf 87' lang='lat' dir='ltr'><strong>duobus</strong></span> 
     </span>
     <span class='ocr_line' id='line_1_13' title="bbox 365 2024 2759 2114; baseline 0 -24"><span class='ocrx_word' id='word_1_101' title='bbox 365 2024 688 2091; x_wconf 88' lang='lat' dir='ltr'><strong>demissum</strong></span> <span class='ocrx_word' id='word_1_102' title='bbox 717 2033 1074 2113; x_wconf 84' lang='lat' dir='ltr'><strong>exceperunt</strong></span> <span class='ocrx_word' id='word_1_103' title='bbox 1102 2054 1118 2094; x_wconf 78' lang='grc' dir='ltr'><strong><em>ε</em></strong></span> <span class='ocrx_word' id='word_1_104' title='bbox 1161 2027 1260 2093; x_wconf 85' lang='lat' dir='ltr'><strong>alii</strong></span> <span class='ocrx_word' id='word_1_105' title='bbox 1289 2033 1545 2114; x_wconf 83' lang='lat' dir='ltr'><strong>quatuor</strong></span> <span class='ocrx_word' id='word_1_106' title='bbox 1573 2026 1648 2092; x_wconf 87' lang='lat' dir='ltr'><strong>ab</strong></span> <span class='ocrx_word' id='word_1_107' title='bbox 1677 2026 1812 2092; x_wconf 86' lang='lat' dir='ltr'><strong>altis</strong></span> <span class='ocrx_word' id='word_1_108' title='bbox 1841 2025 2135 2093; x_wconf 85' lang='lat' dir='ltr'><strong>moenibns</strong></span> <span class='ocrx_word' id='word_1_109' title='bbox 2151 2026 2453 2106; x_wconf 85' lang='lat' dir='ltr'><strong>desiliunt,</strong></span> <span class='ocrx_word' id='word_1_110' title='bbox 2473 2032 2534 2092; x_wconf 91' lang='lat' dir='ltr'><strong>et</strong></span> <span class='ocrx_word' id='word_1_111' title='bbox 2554 2048 2759 2091; x_wconf 87' lang='lat' dir='ltr'><strong>omnes</strong></span> 
     </span>
     <span class='ocr_line' id='line_1_14' title="bbox 365 2110 2759 2201; baseline 0 -25"><span class='ocrx_word' id='word_1_112' title='bbox 365 2134 468 2177; x_wconf 88' lang='lat' dir='ltr'><strong>sex</strong></span> <span class='ocrx_word' id='word_1_113' title='bbox 499 2110 782 2179; x_wconf 83' lang='lat' dir='ltr'><strong>Carolum</strong></span> <span class='ocrx_word' id='word_1_114' title='bbox 832 2114 1097 2181; x_wconf 81' lang='lat' dir='ltr'><strong>levantes</strong></span> <span class='ocrx_word' id='word_1_115' title='bbox 1147 2136 1255 2201; x_wconf 87' lang='lat' dir='ltr'><strong>per</strong></span> <span class='ocrx_word' id='word_1_116' title='bbox 1301 2113 1452 2180; x_wconf 84' lang='lat' dir='ltr'><strong>vada</strong></span> <span class='ocrx_word' id='word_1_117' title='bbox 1499 2112 1602 2179; x_wconf 85' lang='lat' dir='ltr'><strong>Lii</strong></span> <span class='ocrx_word' id='word_1_118' title='bbox 1649 2114 1913 2179; x_wconf 86' lang='lat' dir='ltr'><strong>fluminis</strong></span> <span class='ocrx_word' id='word_1_119' title='bbox 1963 2113 2252 2199; x_wconf 87' lang='lat' dir='ltr'><strong>oppidum</strong></span> <span class='ocrx_word' id='word_1_120' title='bbox 2295 2114 2759 2178; x_wconf 87' lang='lat' dir='ltr'><strong>circumfluentis</strong></span> 
     </span>
     <span class='ocr_line' id='line_1_15' title="bbox 365 2198 2760 2288; baseline 0 -24"><span class='ocrx_word' id='word_1_121' title='bbox 365 2199 582 2285; x_wconf 88' lang='lat' dir='ltr'><strong>partim</strong></span> <span class='ocrx_word' id='word_1_122' title='bbox 611 2201 831 2281; x_wconf 78' lang='lat' dir='ltr'><strong>hande,</strong></span> <span class='ocrx_word' id='word_1_123' title='bbox 862 2202 1080 2288; x_wconf 89' lang='lat' dir='ltr'><strong>partim</strong></span> <span class='ocrx_word' id='word_1_124' title='bbox 1107 2200 1360 2288; x_wconf 88' lang='lat' dir='ltr'><strong>pedibus</strong></span> <span class='ocrx_word' id='word_1_125' title='bbox 1401 2200 1765 2286; x_wconf 87' lang='lat' dir='ltr'><strong>penetrando</strong></span> <span class='ocrx_word' id='word_1_126' title='bbox 1808 2200 2222 2287; x_wconf 57' lang='lat' dir='ltr'><strong>eripuerunt*</strong></span> <span class='ocrx_word' id='word_1_127' title='bbox 2262 2198 2509 2265; x_wconf 86' lang='lat' dir='ltr'><strong>Carolus</strong></span> <span class='ocrx_word' id='word_1_128' title='bbox 2536 2222 2760 2285; x_wconf 88' lang='lat' dir='ltr'><strong>equum</strong></span> 
     </span>
     <span class='ocr_line' id='line_1_16' title="bbox 363 2286 2761 2375; baseline 0 -24"><span class='ocrx_word' id='word_1_129' title='bbox 363 2287 787 2367; x_wconf 85' lang='lat' dir='ltr'><strong>conscendens,</strong></span> <span class='ocrx_word' id='word_1_130' title='bbox 841 2290 943 2374; x_wconf 89' lang='lat' dir='ltr'><strong>qui</strong></span> <span class='ocrx_word' id='word_1_131' title='bbox 989 2289 1064 2355; x_wconf 82' lang='lat' dir='ltr'><strong>ad</strong></span> <span class='ocrx_word' id='word_1_132' title='bbox 1110 2289 1372 2354; x_wconf 88' lang='lat' dir='ltr'><strong>fluminis</strong></span> <span class='ocrx_word' id='word_1_133' title='bbox 1419 2310 1582 2353; x_wconf 88' lang='lat' dir='ltr'><strong>oram</strong></span> <span class='ocrx_word' id='word_1_134' title='bbox 1610 2293 1957 2375; x_wconf 87' lang='lat' dir='ltr'><strong>preparatus</strong></span> <span class='ocrx_word' id='word_1_135' title='bbox 2000 2293 2142 2366; x_wconf 88' lang='lat' dir='ltr'><strong>erat,</strong></span> <span class='ocrx_word' id='word_1_136' title='bbox 2188 2286 2263 2352; x_wconf 86' lang='lat' dir='ltr'><strong>ad</strong></span> <span class='ocrx_word' id='word_1_137' title='bbox 2294 2286 2761 2353; x_wconf 85' lang='lat' dir='ltr'><strong>O&#39;Sullevanum</strong></span> 
     </span>
     <span class='ocr_line' id='line_1_17' title="bbox 361 2374 2762 2461; baseline 0 -24"><span class='ocrx_word' id='word_1_138' title='bbox 361 2394 474 2459; x_wconf 87' lang='lat' dir='ltr'><strong>pro</strong></span> <span class='ocrx_word' id='word_1_139' title='bbox 588 2374 650 2439; x_wconf 86' lang='lat' dir='ltr'><strong>&#39;t.</strong></span> <span class='ocrx_word' id='word_1_140' title='bbox 738 2375 1171 2441; x_wconf 84' lang='lat' dir='ltr'><strong>O’Sullevanus</strong></span> <span class='ocrx_word' id='word_1_141' title='bbox 1197 2376 1284 2441; x_wconf 92' lang='lat' dir='ltr'><strong>rei</strong></span> <span class='ocrx_word' id='word_1_142' title='bbox 1308 2377 1468 2441; x_wconf 85' lang='lat' dir='ltr'><strong>fama</strong></span> <span class='ocrx_word' id='word_1_143' title='bbox 1495 2398 1602 2461; x_wconf 88' lang='lat' dir='ltr'><strong>per</strong></span> <span class='ocrx_word' id='word_1_144' title='bbox 1628 2376 1897 2441; x_wconf 90' lang='lat' dir='ltr'><strong>omnium</strong></span> <span class='ocrx_word' id='word_1_145' title='bbox 1914 2397 2017 2439; x_wconf 87' lang='lat' dir='ltr'><strong>ora</strong></span> <span class='ocrx_word' id='word_1_146' title='bbox 2032 2374 2319 2440; x_wconf 80' lang='lat' dir='ltr'><strong>volitante</strong></span> <span class='ocrx_word' id='word_1_147' title='bbox 2340 2374 2553 2439; x_wconf 75' lang='lat' dir='ltr'><strong>certior</strong></span> <span class='ocrx_word' id='word_1_148' title='bbox 2568 2374 2762 2439; x_wconf 85' lang='lat' dir='ltr'><strong>factus</strong></span> 
     </span>
     <span class='ocr_line' id='line_1_18' title="bbox 363 2459 2763 2549; baseline 0.001 -26"><span class='ocrx_word' id='word_1_149' title='bbox 363 2481 507 2524; x_wconf 88' lang='lat' dir='ltr'><strong>cum</strong></span> <span class='ocrx_word' id='word_1_150' title='bbox 583 2460 784 2526; x_wconf 79' lang='lat' dir='ltr'><strong>‘midio</strong></span> <span class='ocrx_word' id='word_1_151' title='bbox 816 2464 1079 2529; x_wconf 83' lang='lat' dir='ltr'><strong>exercitu</strong></span> <span class='ocrx_word' id='word_1_152' title='bbox 1104 2464 1172 2527; x_wconf 89' lang='lat' dir='ltr'><strong>in</strong></span> <span class='ocrx_word' id='word_1_153' title='bbox 1199 2462 1528 2549; x_wconf 74' lang='lat' dir='ltr'><strong>Muscriam</strong></span> <span class='ocrx_word' id='word_1_154' title='bbox 1579 2462 1837 2547; x_wconf 83' lang='lat' dir='ltr'><strong>fugienti</strong></span> <span class='ocrx_word' id='word_1_155' title='bbox 1888 2459 2129 2527; x_wconf 84' lang='lat' dir='ltr'><strong>obviam</strong></span> <span class='ocrx_word' id='word_1_156' title='bbox 2168 2462 2257 2526; x_wconf 90' lang='lat' dir='ltr'><strong>ire</strong></span> <span class='ocrx_word' id='word_1_157' title='bbox 2284 2461 2545 2527; x_wconf 85' lang='lat' dir='ltr'><strong>festinat.</strong></span> <span class='ocrx_word' id='word_1_158' title='bbox 2634 2460 2763 2525; x_wconf 88' lang='lat' dir='ltr'><strong>Ubi</strong></span> 
     </span>
     <span class='ocr_line' id='line_1_19' title="bbox 362 2546 2759 2635; baseline 0.001 -24"><span class='ocrx_word' id='word_1_159' title='bbox 362 2546 613 2611; x_wconf 81' lang='lat' dir='ltr'><strong>Carolus</strong></span> <span class='ocrx_word' id='word_1_160' title='bbox 639 2546 812 2612; x_wconf 87' lang='lat' dir='ltr'><strong>fedus</strong></span> <span class='ocrx_word' id='word_1_161' title='bbox 839 2549 1177 2635; x_wconf 82' lang='lat' dir='ltr'><strong>percutiens</strong></span> <span class='ocrx_word' id='word_1_162' title='bbox 1228 2548 1624 2614; x_wconf 86' lang='lat' dir='ltr'><strong>O’Sullevano</strong></span> <span class='ocrx_word' id='word_1_163' title='bbox 1673 2548 1879 2613; x_wconf 90' lang='lat' dir='ltr'><strong>deinee</strong></span> <span class='ocrx_word' id='word_1_164' title='bbox 1994 2570 2173 2613; x_wconf 87' lang='lat' dir='ltr'><strong>suum</strong></span> <span class='ocrx_word' id='word_1_165' title='bbox 2208 2546 2496 2626; x_wconf 80' lang='lat' dir='ltr'><strong>studium,</strong></span> <span class='ocrx_word' id='word_1_166' title='bbox 2528 2553 2588 2611; x_wconf 91' lang='lat' dir='ltr'><strong>et</strong></span> <span class='ocrx_word' id='word_1_167' title='bbox 2616 2570 2759 2613; x_wconf 82' lang='lat' dir='ltr'><strong>aux·</strong></span> 
     </span>
     <span class='ocr_line' id='line_1_20' title="bbox 360 2571 2761 2721; baseline 0 -24"><span class='ocrx_word' id='word_1_168' title='bbox 360 2632 534 2697; x_wconf 90' lang='lat' dir='ltr'><strong>ilium</strong></span> <span class='ocrx_word' id='word_1_169' title='bbox 563 2654 688 2697; x_wconf 88' lang='lat' dir='ltr'><strong>non</strong></span> <span class='ocrx_word' id='word_1_170' title='bbox 716 2633 1058 2699; x_wconf 83' lang='lat' dir='ltr'><strong>defuturum</strong></span> <span class='ocrx_word' id='word_1_171' title='bbox 1087 2633 1416 2721; x_wconf 90' lang='lat' dir='ltr'><strong>pollicetur.</strong></span> <span class='ocrx_word' id='word_1_172' title='bbox 1439 2633 1652 2699; x_wconf 88' lang='lat' dir='ltr'><strong>Obiter</strong></span> <span class='ocrx_word' id='word_1_173' title='bbox 1681 2571 2115 2699; x_wconf 50' lang='lat' dir='ltr'><strong>O’Sulllgzanus</strong></span> <span class='ocrx_word' id='word_1_174' title='bbox 2142 2640 2375 2698; x_wconf 85' lang='lat' dir='ltr'><strong>tentare</strong></span> <span class='ocrx_word' id='word_1_175' title='bbox 2404 2635 2761 2699; x_wconf 83' lang='lat' dir='ltr'><strong>existimavit</strong></span> 
     </span>
     <span class='ocr_line' id='line_1_21' title="bbox 363 2716 2759 2806; baseline 0.001 -24"><span class='ocrx_word' id='word_1_176' title='bbox 363 2741 446 2783; x_wconf 90' lang='lat' dir='ltr'><strong>an</strong></span> <span class='ocrx_word' id='word_1_177' title='bbox 476 2716 711 2805; x_wconf 83' lang='lat' dir='ltr'><strong>Rupem</strong></span> <span class='ocrx_word' id='word_1_178' title='bbox 741 2718 1070 2786; x_wconf 88' lang='lat' dir='ltr'><strong>Lemurum</strong></span> <span class='ocrx_word' id='word_1_179' title='bbox 1099 2718 1406 2787; x_wconf 85' lang='lat' dir='ltr'><strong>castellum</strong></span> <span class='ocrx_word' id='word_1_180' title='bbox 1441 2719 1707 2806; x_wconf 89' lang='lat' dir='ltr'><strong>(Carraig</strong></span> <span class='ocrx_word' id='word_1_181' title='bbox 1735 2742 1812 2793; x_wconf 92' lang='lat' dir='ltr'><strong>an</strong></span> <span class='ocrx_word' id='word_1_182' title='bbox 1841 2720 2109 2805; x_wconf 83' lang='lat' dir='ltr'><strong>phuca)†</strong></span> <span class='ocrx_word' id='word_1_183' title='bbox 2155 2719 2318 2805; x_wconf 89' lang='lat' dir='ltr'><strong>quod</strong></span> <span class='ocrx_word' id='word_1_184' title='bbox 2346 2720 2589 2785; x_wconf 83' lang='lat' dir='ltr'><strong>Thadaei</strong></span> <span class='ocrx_word' id='word_1_185' title='bbox 2618 2720 2759 2785; x_wconf 84' lang='lat' dir='ltr'><strong>Mac</strong></span> 
     </span>
     <span class='ocr_line' id='line_1_22' title="bbox 364 2804 2760 2893; baseline 0.001 -24"><span class='ocrx_word' id='word_1_186' title='bbox 364 2804 610 2870; x_wconf 82' lang='lat' dir='ltr'><strong>Carrhae</strong></span> <span class='ocrx_word' id='word_1_187' title='bbox 638 2805 746 2870; x_wconf 86' lang='lat' dir='ltr'><strong>filii</strong></span> <span class='ocrx_word' id='word_1_188' title='bbox 813 2806 1048 2872; x_wconf 79' lang='lat' dir='ltr'><strong>raesidio</strong></span> <span class='ocrx_word' id='word_1_189' title='bbox 1097 2805 1401 2885; x_wconf 86' lang='lat' dir='ltr'><strong>tenebant,</strong></span> <span class='ocrx_word' id='word_1_190' title='bbox 1449 2806 1515 2871; x_wconf 89' lang='lat' dir='ltr'><strong>in</strong></span> <span class='ocrx_word' id='word_1_191' title='bbox 1545 2829 1714 2871; x_wconf 90' lang='lat' dir='ltr'><strong>suam</strong></span> <span class='ocrx_word' id='word_1_192' title='bbox 1743 2812 2099 2891; x_wconf 85' lang='lat' dir='ltr'><strong>potestatem</strong></span> <span class='ocrx_word' id='word_1_193' title='bbox 2126 2806 2391 2891; x_wconf 85' lang='lat' dir='ltr'><strong>redigere</strong></span> <span class='ocrx_word' id='word_1_194' title='bbox 2418 2812 2641 2893; x_wconf 89' lang='lat' dir='ltr'><strong>posset,</strong></span> <span class='ocrx_word' id='word_1_195' title='bbox 2668 2807 2760 2871; x_wconf 89' lang='lat' dir='ltr'><strong>in-</strong></span> 
     </span>
     <span class='ocr_line' id='line_1_23' title="bbox 353 2890 2759 2978; baseline 0.001 -23"><span class='ocrx_word' id='word_1_196' title='bbox 353 2892 548 2978; x_wconf 89' lang='lat' dir='ltr'><strong>jurias</strong></span> <span class='ocrx_word' id='word_1_197' title='bbox 599 2890 673 2957; x_wconf 90' lang='lat' dir='ltr'><strong>ab</strong></span> <span class='ocrx_word' id='word_1_198' title='bbox 725 2893 738 2906; x_wconf 84' lang='lat'>&#39;</span> <span class='ocrx_word' id='word_1_199' title='bbox 793 2893 838 2957; x_wconf 90' lang='lat' dir='ltr'><strong>&#39;s</strong></span> <span class='ocrx_word' id='word_1_200' title='bbox 884 2892 1078 2959; x_wconf 87' lang='lat' dir='ltr'><strong>illatas</strong></span> <span class='ocrx_word' id='word_1_201' title='bbox 1129 2892 1413 2958; x_wconf 81' lang='lat' dir='ltr'><strong>ulturus?</strong></span> <span class='ocrx_word' id='word_1_202' title='bbox 1502 2892 1649 2960; x_wconf 84' lang='lat' dir='ltr'><strong>Erat</strong></span> <span class='ocrx_word' id='word_1_203' title='bbox 1695 2892 2004 2959; x_wconf 84' lang='lat' dir='ltr'><strong>castellnm</strong></span> <span class='ocrx_word' id='word_1_204' title='bbox 2053 2892 2171 2958; x_wconf 91' lang='lat' dir='ltr'><strong>loci</strong></span> <span class='ocrx_word' id='word_1_205' title='bbox 2198 2898 2413 2958; x_wconf 86' lang='lat' dir='ltr'><strong>natura</strong></span> <span class='ocrx_word' id='word_1_206' title='bbox 2439 2893 2759 2973; x_wconf 89' lang='lat' dir='ltr'><strong>munitum,</strong></span> 
     </span>
     <span class='ocr_line' id='line_1_24' title="bbox 358 2978 2762 3067; baseline 0 -24"><span class='ocrx_word' id='word_1_207' title='bbox 358 2984 829 3065; x_wconf 83' lang='lat' dir='ltr'><strong>expugnatuque</strong></span> <span class='ocrx_word' id='word_1_208' title='bbox 858 2980 1289 3047; x_wconf 85' lang='lat' dir='ltr'><strong>difficillimum.</strong></span> <span class='ocrx_word' id='word_1_209' title='bbox 1376 2978 1458 3045; x_wconf 90' lang='lat' dir='ltr'><strong>In</strong></span> <span class='ocrx_word' id='word_1_210' title='bbox 1483 2978 1636 3045; x_wconf 84' lang='lat' dir='ltr'><strong>illud</strong></span> <span class='ocrx_word' id='word_1_211' title='bbox 1661 2979 1956 3066; x_wconf 86' lang='lat' dir='ltr'><strong>imprimis</strong></span> <span class='ocrx_word' id='word_1_212' title='bbox 1984 2979 2080 3045; x_wconf 86' lang='lat' dir='ltr'><strong>via</strong></span> <span class='ocrx_word' id='word_1_213' title='bbox 2106 2982 2417 3050; x_wconf 75' lang='lat' dir='ltr'><strong>tormentis</strong></span> <span class='ocrx_word' id='word_1_214' title='bbox 2446 3002 2569 3045; x_wconf 90' lang='lat' dir='ltr'><strong>non</strong></span> <span class='ocrx_word' id='word_1_215' title='bbox 2596 2984 2762 3067; x_wconf 85' lang='lat' dir='ltr'><strong>patet</strong></span> 
     </span>
     <span class='ocr_line' id='line_1_25' title="bbox 359 3065 2761 3155; baseline -0 -24"><span class='ocrx_word' id='word_1_216' title='bbox 359 3067 520 3131; x_wconf 88' lang='lat' dir='ltr'><strong>inter</strong></span> <span class='ocrx_word' id='word_1_217' title='bbox 547 3072 802 3147; x_wconf 86' lang='lat' dir='ltr'><strong>montes,</strong></span> <span class='ocrx_word' id='word_1_218' title='bbox 833 3073 894 3133; x_wconf 91' lang='lat' dir='ltr'><strong>et</strong></span> <span class='ocrx_word' id='word_1_219' title='bbox 923 3067 1116 3155; x_wconf 81' lang='lat' dir='ltr'><strong>sylvas</strong></span> <span class='ocrx_word' id='word_1_220' title='bbox 1158 3067 1442 3147; x_wconf 88' lang='lat' dir='ltr'><strong>locatum,</strong></span> <span class='ocrx_word' id='word_1_221' title='bbox 1495 3090 1606 3133; x_wconf 89' lang='lat' dir='ltr'><strong>nec</strong></span> <span class='ocrx_word' id='word_1_222' title='bbox 1654 3065 1967 3133; x_wconf 85' lang='lat' dir='ltr'><strong>cuniculus</strong></span> <span class='ocrx_word' id='word_1_223' title='bbox 2018 3066 2197 3152; x_wconf 81' lang='lat' dir='ltr'><strong>dirigi</strong></span> <span class='ocrx_word' id='word_1_224' title='bbox 2247 3072 2445 3153; x_wconf 89' lang='lat' dir='ltr'><strong>potest</strong></span> <span class='ocrx_word' id='word_1_225' title='bbox 2484 3068 2551 3132; x_wconf 88' lang='lat' dir='ltr'><strong>in</strong></span> <span class='ocrx_word' id='word_1_226' title='bbox 2591 3072 2761 3153; x_wconf 89' lang='lat' dir='ltr'><strong>petra</strong></span> 
     </span>
     <span class='ocr_line' id='line_1_26' title="bbox 359 3152 2761 3241; baseline 0.001 -23"><span class='ocrx_word' id='word_1_227' title='bbox 359 3152 507 3218; x_wconf 86' lang='lat' dir='ltr'><strong>satis</strong></span> <span class='ocrx_word' id='word_1_228' title='bbox 538 3152 813 3234; x_wconf 87' lang='lat' dir='ltr'><strong>abscissa,</strong></span> <span class='ocrx_word' id='word_1_229' title='bbox 844 3160 905 3220; x_wconf 91' lang='lat' dir='ltr'><strong>et</strong></span> <span class='ocrx_word' id='word_1_230' title='bbox 933 3160 1232 3241; x_wconf 80' lang='lat' dir='ltr'><strong>praerupta</strong></span> <span class='ocrx_word' id='word_1_231' title='bbox 1256 3162 1537 3233; x_wconf 85' lang='lat' dir='ltr'><strong>erectum,</strong></span> <span class='ocrx_word' id='word_1_232' title='bbox 1586 3176 1765 3239; x_wconf 86' lang='lat' dir='ltr'><strong>quam</strong></span> <span class='ocrx_word' id='word_1_233' title='bbox 1809 3154 2031 3239; x_wconf 86' lang='lat' dir='ltr'><strong>duplex</strong></span> <span class='ocrx_word' id='word_1_234' title='bbox 2056 3152 2326 3240; x_wconf 87' lang='lat' dir='ltr'><strong>lapideus</strong></span> <span class='ocrx_word' id='word_1_235' title='bbox 2356 3176 2582 3233; x_wconf 87' lang='lat' dir='ltr'><strong>murus,</strong></span> <span class='ocrx_word' id='word_1_236' title='bbox 2612 3153 2761 3220; x_wconf 82' lang='lat' dir='ltr'><strong>alter</strong></span> 
     </span>
     <span class='ocr_line' id='line_1_27' title="bbox 350 3240 2760 3327; baseline 0.002 -25"><span class='ocrx_word' id='word_1_237' title='bbox 350 3240 534 3325; x_wconf 80' lang='lat' dir='ltr'><strong>juxta</strong></span> <span class='ocrx_word' id='word_1_238' title='bbox 559 3240 838 3322; x_wconf 87' lang='lat' dir='ltr'><strong>radicem,</strong></span> <span class='ocrx_word' id='word_1_239' title='bbox 869 3241 1111 3309; x_wconf 89' lang='lat' dir='ltr'><strong>homine</strong></span> <span class='ocrx_word' id='word_1_240' title='bbox 1139 3240 1374 3308; x_wconf 75' lang='lat' dir='ltr'><strong>cubitos</strong></span> <span class='ocrx_word' id='word_1_241' title='bbox 1405 3242 1556 3307; x_wconf 88' lang='lat' dir='ltr'><strong>duos</strong></span> <span class='ocrx_word' id='word_1_242' title='bbox 1583 3241 1778 3320; x_wconf 81' lang='lat' dir='ltr'><strong>altior,</strong></span> <span class='ocrx_word' id='word_1_243' title='bbox 1810 3240 1958 3307; x_wconf 84' lang='lat' dir='ltr'><strong>alter</strong></span> <span class='ocrx_word' id='word_1_244' title='bbox 1978 3242 2168 3327; x_wconf 85' lang='lat' dir='ltr'><strong>magis</strong></span> <span class='ocrx_word' id='word_1_245' title='bbox 2196 3240 2388 3306; x_wconf 87' lang='lat' dir='ltr'><strong>celsus</strong></span> <span class='ocrx_word' id='word_1_246' title='bbox 2417 3263 2603 3327; x_wconf 86' lang='lat' dir='ltr'><strong>prope</strong></span> <span class='ocrx_word' id='word_1_247' title='bbox 2630 3264 2760 3307; x_wconf 85' lang='lat' dir='ltr'><strong>ver-</strong></span> 
     </span>
     <span class='ocr_line' id='line_1_28' title="bbox 357 3327 2759 3416; baseline 0.002 -26"><span class='ocrx_word' id='word_1_248' title='bbox 357 3328 544 3391; x_wconf 85' lang='lat' dir='ltr'><strong>ticem</strong></span> <span class='ocrx_word' id='word_1_249' title='bbox 573 3328 798 3413; x_wconf 86' lang='lat' dir='ltr'><strong>cingit:</strong></span> <span class='ocrx_word' id='word_1_250' title='bbox 844 3336 905 3393; x_wconf 92' lang='lat' dir='ltr'><strong>et</strong></span> <span class='ocrx_word' id='word_1_251' title='bbox 954 3327 1031 3395; x_wconf 87' lang='lat' dir='ltr'><strong>ab</strong></span> <span class='ocrx_word' id='word_1_252' title='bbox 1068 3330 1344 3396; x_wconf 86' lang='lat' dir='ltr'><strong>inferiore</strong></span> <span class='ocrx_word' id='word_1_253' title='bbox 1393 3328 1470 3394; x_wconf 88' lang='lat' dir='ltr'><strong>ad</strong></span> <span class='ocrx_word' id='word_1_254' title='bbox 1513 3329 1875 3416; x_wconf 89' lang='lat' dir='ltr'><strong>superiorem</strong></span> <span class='ocrx_word' id='word_1_255' title='bbox 1924 3350 2165 3393; x_wconf 88' lang='lat' dir='ltr'><strong>murum</strong></span> <span class='ocrx_word' id='word_1_256' title='bbox 2220 3348 2327 3415; x_wconf 90' lang='lat' dir='ltr'><strong>per</strong></span> <span class='ocrx_word' id='word_1_257' title='bbox 2356 3329 2625 3395; x_wconf 86' lang='lat' dir='ltr'><strong>semitam</strong></span> <span class='ocrx_word' id='word_1_258' title='bbox 2654 3352 2759 3395; x_wconf 88' lang='lat' dir='ltr'><strong>an·</strong></span> 
     </span>
     <span class='ocr_line' id='line_1_29' title="bbox 481 3414 2758 3502; baseline 0.001 -24"><span class='ocrx_word' id='word_1_259' title='bbox 481 3418 624 3493; x_wconf 87' lang='lat' dir='ltr'><strong>tam,</strong></span> <span class='ocrx_word' id='word_1_260' title='bbox 655 3422 716 3479; x_wconf 91' lang='lat' dir='ltr'><strong>et</strong></span> <span class='ocrx_word' id='word_1_261' title='bbox 760 3416 1125 3502; x_wconf 79' lang='lat' dir='ltr'><strong>praecipitem</strong></span> <span class='ocrx_word' id='word_1_262' title='bbox 1176 3415 1534 3482; x_wconf 84' lang='lat' dir='ltr'><strong>ascenditur.</strong></span> <span class='ocrx_word' id='word_1_263' title='bbox 1620 3414 1845 3481; x_wconf 78' lang='lat' dir='ltr'><strong>Tamen</strong></span> <span class='ocrx_word' id='word_1_264' title='bbox 1886 3414 2297 3481; x_wconf 87' lang='lat' dir='ltr'><strong>fulminatores</strong></span> <span class='ocrx_word' id='word_1_265' title='bbox 2342 3415 2487 3501; x_wconf 89' lang='lat' dir='ltr'><strong>quin</strong></span> <span class='ocrx_word' id='word_1_266' title='bbox 2530 3416 2655 3481; x_wconf 89' lang='lat' dir='ltr'><strong>enti</strong></span> <span class='ocrx_word' id='word_1_267' title='bbox 2682 3414 2758 3481; x_wconf 91' lang='lat' dir='ltr'><strong>ab</strong></span> 
     </span>
     <span class='ocr_line' id='line_1_30' title="bbox 356 3434 2761 3589; baseline 0.001 -24"><span class='ocrx_word' id='word_1_268' title='bbox 356 3434 766 3566; x_wconf 45' lang='lat' dir='ltr'><strong>&amp;anenno</strong></span> <span class='ocrx_word' id='word_1_269' title='bbox 813 3502 1086 3588; x_wconf 86' lang='lat' dir='ltr'><strong>dispositi</strong></span> <span class='ocrx_word' id='word_1_270' title='bbox 1145 3504 1296 3568; x_wconf 89' lang='lat' dir='ltr'><strong>arcis</strong></span> <span class='ocrx_word' id='word_1_271' title='bbox 1345 3503 1650 3581; x_wconf 87' lang='lat' dir='ltr'><strong>fenestras,</strong></span> <span class='ocrx_word' id='word_1_272' title='bbox 1703 3510 1916 3581; x_wconf 77' lang='lat' dir='ltr'><strong>turreS,</strong></span> <span class='ocrx_word' id='word_1_273' title='bbox 1968 3509 2147 3589; x_wconf 88' lang='lat' dir='ltr'><strong>atque</strong></span> <span class='ocrx_word' id='word_1_274' title='bbox 2238 3503 2409 3567; x_wconf 88' lang='lat' dir='ltr'><strong>innas</strong></span> <span class='ocrx_word' id='word_1_275' title='bbox 2464 3525 2507 3589; x_wconf 91' lang='lat' dir='ltr'><strong>p</strong></span> <span class='ocrx_word' id='word_1_276' title='bbox 2530 3502 2761 3568; x_wconf 89' lang='lat' dir='ltr'><strong>umbeis</strong></span> 
     </span>
     <span class='ocr_line' id='line_1_31' title="bbox 353 3585 2759 3675; baseline 0.001 -24"><span class='ocrx_word' id='word_1_277' title='bbox 353 3585 628 3673; x_wconf 84' lang='lat' dir='ltr'><strong>globulis</strong></span> <span class='ocrx_word' id='word_1_278' title='bbox 657 3587 922 3654; x_wconf 89' lang='lat' dir='ltr'><strong>obruunt</strong></span> <span class='ocrx_word' id='word_1_279' title='bbox 971 3596 1474 3675; x_wconf 87' lang='lat' dir='ltr'><strong>propugnatorem</strong></span> <span class='ocrx_word' id='word_1_280' title='bbox 1523 3596 1913 3667; x_wconf 58' lang='lat' dir='ltr'><strong>removentes,</strong></span> <span class='ocrx_word' id='word_1_281' title='bbox 1943 3588 2150 3674; x_wconf 84' lang='lat' dir='ltr'><strong>illique</strong></span> <span class='ocrx_word' id='word_1_282' title='bbox 2221 3588 2533 3654; x_wconf 87' lang='lat' dir='ltr'><strong>efendendi</strong></span> <span class='ocrx_word' id='word_1_283' title='bbox 2561 3595 2759 3675; x_wconf 89' lang='lat' dir='ltr'><strong>potes-</strong></span> 
     </span>
     <span class='ocr_line' id='line_1_32' title="bbox 353 3673 2759 3762; baseline 0 -23"><span class='ocrx_word' id='word_1_284' title='bbox 353 3680 550 3739; x_wconf 84' lang='lat' dir='ltr'><strong>tatem</strong></span> <span class='ocrx_word' id='word_1_285' title='bbox 601 3673 946 3740; x_wconf 83' lang='lat' dir='ltr'><strong>adimentes.</strong></span> <span class='ocrx_word' id='word_1_286' title='bbox 1033 3675 1275 3762; x_wconf 80' lang='lat' dir='ltr'><strong>Trepidi</strong></span> <span class='ocrx_word' id='word_1_287' title='bbox 1320 3682 1794 3762; x_wconf 86' lang='lat' dir='ltr'><strong>propugnatores</strong></span> <span class='ocrx_word' id='word_1_288' title='bbox 1841 3673 2095 3755; x_wconf 72' lang='lat' dir='ltr'><strong>sinistre,</strong></span> <span class='ocrx_word' id='word_1_289' title='bbox 2150 3674 2515 3759; x_wconf 84' lang='lat' dir='ltr'><strong>adversoque</strong></span> <span class='ocrx_word' id='word_1_290' title='bbox 2570 3682 2759 3740; x_wconf 87' lang='lat' dir='ltr'><strong>marte</strong></span> 
     </span>
     <span class='ocr_line' id='line_1_33' title="bbox 351 3760 2759 3848; baseline 0 -22"><span class='ocrx_word' id='word_1_291' title='bbox 351 3782 490 3826; x_wconf 86' lang='lat' dir='ltr'><strong>rem</strong></span> <span class='ocrx_word' id='word_1_292' title='bbox 562 3768 756 3839; x_wconf 88' lang='lat' dir='ltr'><strong>erunt,</strong></span> <span class='ocrx_word' id='word_1_293' title='bbox 786 3761 1032 3846; x_wconf 85' lang='lat' dir='ltr'><strong>ingente</strong></span> <span class='ocrx_word' id='word_1_294' title='bbox 1057 3784 1275 3848; x_wconf 84' lang='lat' dir='ltr'><strong>pavore</strong></span> <span class='ocrx_word' id='word_1_295' title='bbox 1317 3762 1585 3827; x_wconf 90' lang='lat' dir='ltr'><strong>omnium</strong></span> <span class='ocrx_word' id='word_1_296' title='bbox 1625 3767 1867 3847; x_wconf 89' lang='lat' dir='ltr'><strong>pectora</strong></span> <span class='ocrx_word' id='word_1_297' title='bbox 1893 3767 2270 3847; x_wconf 90' lang='lat' dir='ltr'><strong>percurrente</strong></span> <span class='ocrx_word' id='word_1_298' title='bbox 2296 3787 2311 3825; x_wconf 78' lang='lat' dir='ltr'><strong><em>z</em></strong></span> <span class='ocrx_word' id='word_1_299' title='bbox 2356 3760 2457 3826; x_wconf 86' lang='lat' dir='ltr'><strong>alii</strong></span> <span class='ocrx_word' id='word_1_300' title='bbox 2486 3760 2759 3827; x_wconf 90' lang='lat' dir='ltr'><strong>bombar-</strong></span> 
     </span>
     <span class='ocr_line' id='line_1_34' title="bbox 353 3782 2761 3935; baseline 0.001 -23"><span class='ocrx_word' id='word_1_301' title='bbox 353 3848 492 3925; x_wconf 77' lang='lat' dir='ltr'><strong>dae,</strong></span> <span class='ocrx_word' id='word_1_302' title='bbox 520 3782 671 3910; x_wconf 57' lang='lat' dir='ltr'><strong>{um</strong></span> <span class='ocrx_word' id='word_1_303' title='bbox 702 3847 1032 3934; x_wconf 87' lang='lat' dir='ltr'><strong>explodunt</strong></span> <span class='ocrx_word' id='word_1_304' title='bbox 1061 3848 1364 3934; x_wconf 88' lang='lat' dir='ltr'><strong>sulphuris</strong></span> <span class='ocrx_word' id='word_1_305' title='bbox 1383 3849 1466 3913; x_wconf 92' lang='lat' dir='ltr'><strong>im</strong></span> <span class='ocrx_word' id='word_1_306' title='bbox 1512 3848 1648 3912; x_wconf 90' lang='lat' dir='ltr'><strong>ulsu</strong></span> <span class='ocrx_word' id='word_1_307' title='bbox 1680 3848 1875 3913; x_wconf 87' lang='lat' dir='ltr'><strong>dirum</strong></span> <span class='ocrx_word' id='word_1_308' title='bbox 1918 3855 2065 3913; x_wconf 85' lang='lat' dir='ltr'><strong>unt:</strong></span> <span class='ocrx_word' id='word_1_309' title='bbox 2097 3846 2199 3913; x_wconf 82' lang='lat' dir='ltr'><strong>alii</strong></span> <span class='ocrx_word' id='word_1_310' title='bbox 2228 3870 2291 3913; x_wconf 87' lang='lat' dir='ltr'><strong>se</strong></span> <span class='ocrx_word' id='word_1_311' title='bbox 2318 3845 2603 3935; x_wconf 88' lang='lat' dir='ltr'><strong>sulphure</strong></span> <span class='ocrx_word' id='word_1_312' title='bbox 2620 3872 2761 3915; x_wconf 88' lang='lat' dir='ltr'><strong>casu</strong></span> 
     </span>
     <span class='ocr_line' id='line_1_35' title="bbox 351 3870 2761 4020; baseline 0 -20"><span class='ocrx_word' id='word_1_313' title='bbox 351 3930 746 4000; x_wconf 88' lang='lat' dir='ltr'><strong>comburunt.</strong></span> <span class='ocrx_word' id='word_1_314' title='bbox 835 3934 1088 4000; x_wconf 86' lang='lat' dir='ltr'><strong>Interim</strong></span> <span class='ocrx_word' id='word_1_315' title='bbox 1137 3935 1304 4001; x_wconf 87' lang='lat' dir='ltr'><strong>missi</strong></span> <span class='ocrx_word' id='word_1_316' title='bbox 1345 3933 1421 4000; x_wconf 89' lang='lat' dir='ltr'><strong>ab</strong></span> <span class='ocrx_word' id='word_1_317' title='bbox 1534 3933 1851 3999; x_wconf 85' lang='lat' dir='ltr'><strong>Sullevano</strong></span> <span class='ocrx_word' id='word_1_318' title='bbox 1876 3870 2115 4012; x_wconf 54' lang='lat' dir='ltr'><strong>hastati,</strong></span> <span class='ocrx_word' id='word_1_319' title='bbox 2145 3934 2323 4020; x_wconf 90' lang='lat' dir='ltr'><strong>primi</strong></span> <span class='ocrx_word' id='word_1_320' title='bbox 2349 3935 2508 4001; x_wconf 89' lang='lat' dir='ltr'><strong>muri</strong></span> <span class='ocrx_word' id='word_1_321' title='bbox 2534 3935 2761 4001; x_wconf 84' lang='lat' dir='ltr'><strong>foribus</strong></span> 
     </span>
     <span class='ocr_line' id='line_1_36' title="bbox 351 4020 2762 4108; baseline 0 -21"><span class='ocrx_word' id='word_1_322' title='bbox 351 4020 608 4087; x_wconf 86' lang='lat' dir='ltr'><strong>admoto</strong></span> <span class='ocrx_word' id='word_1_323' title='bbox 636 4020 778 4105; x_wconf 86' lang='lat' dir='ltr'><strong>igne</strong></span> <span class='ocrx_word' id='word_1_324' title='bbox 808 4023 1196 4105; x_wconf 87' lang='lat' dir='ltr'><strong>consumptis,</strong></span> <span class='ocrx_word' id='word_1_325' title='bbox 1226 4043 1333 4107; x_wconf 87' lang='lat' dir='ltr'><strong>per</strong></span> <span class='ocrx_word' id='word_1_326' title='bbox 1358 4027 1590 4108; x_wconf 89' lang='lat' dir='ltr'><strong>petram</strong></span> <span class='ocrx_word' id='word_1_327' title='bbox 1616 4028 1889 4106; x_wconf 89' lang='lat' dir='ltr'><strong>repentes</strong></span> <span class='ocrx_word' id='word_1_328' title='bbox 1916 4021 1991 4087; x_wconf 84' lang='lat' dir='ltr'><strong>ad</strong></span> <span class='ocrx_word' id='word_1_329' title='bbox 2022 4020 2349 4087; x_wconf 83' lang='lat' dir='ltr'><strong>secundum</strong></span> <span class='ocrx_word' id='word_1_330' title='bbox 2379 4022 2762 4088; x_wconf 87' lang='lat' dir='ltr'><strong>ascendentes</strong></span> 
     </span>
     <span class='ocr_line' id='line_1_37' title="bbox 349 4104 2761 4195; baseline 0.001 -22"><span class='ocrx_word' id='word_1_331' title='bbox 349 4106 564 4174; x_wconf 80' lang='lat' dir='ltr'><strong>valvas</strong></span> <span class='ocrx_word' id='word_1_332' title='bbox 593 4108 812 4192; x_wconf 87' lang='lat' dir='ltr'><strong>partim</strong></span> <span class='ocrx_word' id='word_1_333' title='bbox 838 4107 1168 4173; x_wconf 88' lang='lat' dir='ltr'><strong>incendunt</strong></span> <span class='ocrx_word' id='word_1_334' title='bbox 1195 4108 1414 4194; x_wconf 83' lang='lat' dir='ltr'><strong>partim</strong></span> <span class='ocrx_word' id='word_1_335' title='bbox 1441 4108 1782 4195; x_wconf 82' lang='lat' dir='ltr'><strong>effringunt.</strong></span> <span class='ocrx_word' id='word_1_336' title='bbox 1872 4104 2130 4194; x_wconf 81' lang='lat' dir='ltr'><strong>Jamque</strong></span> <span class='ocrx_word' id='word_1_337' title='bbox 2151 4106 2459 4174; x_wconf 85' lang='lat' dir='ltr'><strong>castellum</strong></span> <span class='ocrx_word' id='word_1_338' title='bbox 2476 4108 2761 4175; x_wconf 88' lang='lat' dir='ltr'><strong>subruere</strong></span> 
     </span>
     <span class='ocr_line' id='line_1_38' title="bbox 350 4193 2759 4282; baseline 0.001 -22"><span class='ocrx_word' id='word_1_339' title='bbox 350 4193 484 4260; x_wconf 90' lang='lat' dir='ltr'><strong>inci</strong></span> <span class='ocrx_word' id='word_1_340' title='bbox 525 4193 680 4273; x_wconf 89' lang='lat' dir='ltr'><strong>iunt,</strong></span> <span class='ocrx_word' id='word_1_341' title='bbox 732 4216 870 4259; x_wconf 89' lang='lat' dir='ltr'><strong>cnm</strong></span> <span class='ocrx_word' id='word_1_342' title='bbox 921 4203 1391 4282; x_wconf 88' lang='lat' dir='ltr'><strong>propugnatores</strong></span> <span class='ocrx_word' id='word_1_343' title='bbox 1438 4202 1604 4260; x_wconf 88' lang='lat' dir='ltr'><strong>metu</strong></span> <span class='ocrx_word' id='word_1_344' title='bbox 1649 4194 1908 4281; x_wconf 88' lang='lat' dir='ltr'><strong>perculsi</strong></span> <span class='ocrx_word' id='word_1_345' title='bbox 1954 4195 2021 4260; x_wconf 93' lang='lat' dir='ltr'><strong>in</strong></span> <span class='ocrx_word' id='word_1_346' title='bbox 2072 4194 2433 4261; x_wconf 87' lang='lat' dir='ltr'><strong>deditionem</strong></span> <span class='ocrx_word' id='word_1_347' title='bbox 2489 4197 2759 4262; x_wconf 80' lang='lat' dir='ltr'><strong>veniunt.</strong></span> 
     </span>
     <span class='ocr_line' id='line_1_39' title="bbox 353 4280 2761 4370; baseline 0.002 -25"><span class='ocrx_word' id='word_1_348' title='bbox 353 4280 490 4352; x_wconf 80' lang='lat' dir='ltr'><strong>Qui</strong></span> <span class='ocrx_word' id='word_1_349' title='bbox 532 4302 605 4345; x_wconf 87' lang='lat' dir='ltr'><strong>ns</strong></span> <span class='ocrx_word' id='word_1_350' title='bbox 653 4280 980 4347; x_wconf 84' lang='lat' dir='ltr'><strong>inermibus</strong></span> <span class='ocrx_word' id='word_1_351' title='bbox 1027 4304 1106 4347; x_wconf 86' lang='lat' dir='ltr'><strong>ex</strong></span> <span class='ocrx_word' id='word_1_352' title='bbox 1157 4288 1331 4367; x_wconf 81' lang='lat' dir='ltr'><strong>pacto</strong></span> <span class='ocrx_word' id='word_1_353' title='bbox 1359 4282 1637 4361; x_wconf 88' lang='lat' dir='ltr'><strong>dimissis,</strong></span> <span class='ocrx_word' id='word_1_354' title='bbox 1666 4304 1772 4347; x_wconf 80' lang='lat' dir='ltr'><strong>arx</strong></span> <span class='ocrx_word' id='word_1_355' title='bbox 1799 4282 2093 4368; x_wconf 87' lang='lat' dir='ltr'><strong>diripitur.</strong></span> <span class='ocrx_word' id='word_1_356' title='bbox 2180 4282 2260 4347; x_wconf 88' lang='lat' dir='ltr'><strong>In</strong></span> <span class='ocrx_word' id='word_1_357' title='bbox 2306 4304 2375 4348; x_wconf 91' lang='lat' dir='ltr'><strong>ea</strong></span> <span class='ocrx_word' id='word_1_358' title='bbox 2420 4282 2761 4370; x_wconf 88' lang='lat' dir='ltr'><strong>Hispanum</strong></span> 
     </span>
     <span class='ocr_line' id='line_1_40' title="bbox 350 4366 2960 4465; baseline 0.001 -32"><span class='ocrx_word' id='word_1_359' title='bbox 350 4374 698 4453; x_wconf 88' lang='lat' dir='ltr'><strong>argentum,</strong></span> <span class='ocrx_word' id='word_1_360' title='bbox 730 4366 892 4454; x_wconf 88' lang='lat' dir='ltr'><strong>quod</strong></span> <span class='ocrx_word' id='word_1_361' title='bbox 922 4366 996 4434; x_wconf 87' lang='lat' dir='ltr'><strong>ab</strong></span> <span class='ocrx_word' id='word_1_362' title='bbox 1051 4368 1449 4434; x_wconf 81' lang='lat' dir='ltr'><strong>O&#39;Sullevano</strong></span> <span class='ocrx_word' id='word_1_363' title='bbox 1475 4368 1720 4434; x_wconf 76' lang='lat' dir='ltr'><strong>Thadaei</strong></span> <span class='ocrx_word' id='word_1_364' title='bbox 1766 4368 1874 4433; x_wconf 83' lang='lat' dir='ltr'><strong>filii</strong></span> <span class='ocrx_word' id='word_1_365' title='bbox 1904 4371 2303 4455; x_wconf 75' lang='lat' dir='ltr'><strong>receperant,ss</strong></span> <span class='ocrx_word' id='word_1_366' title='bbox 2339 4375 2402 4434; x_wconf 84' lang='lat' dir='ltr'><strong>et</strong></span> <span class='ocrx_word' id='word_1_367' title='bbox 2428 4369 2557 4436; x_wconf 81' lang='lat' dir='ltr'><strong>alioe</strong></span> <span class='ocrx_word' id='word_1_368' title='bbox 2586 4371 2960 4465; x_wconf 72' lang='lat' dir='ltr'><strong>variae[137‚]</strong></span> 
     </span>
    </p>
   </div>
   <div class='ocr_carea' id='block_1_3' title="bbox 349 4588 2765 4876">
    <p class='ocr_par' dir='ltr' id='par_1_3' title="bbox 349 4588 2765 4876">
     <span class='ocr_line' id='line_1_41' title="bbox 423 4588 2765 4673; baseline 0.003 -31"><span class='ocrx_word' id='word_1_369' title='bbox 423 4592 458 4673; x_wconf 66' lang='lat'><strong>‚⁶</strong></span> <span class='ocrx_word' id='word_1_370' title='bbox 502 4588 808 4673; x_wconf 67' lang='lat' dir='ltr'><strong>Christmas</strong></span> <span class='ocrx_word' id='word_1_371' title='bbox 833 4590 976 4665; x_wconf 76' lang='lat' dir='ltr'><strong>Day,</strong></span> <span class='ocrx_word' id='word_1_372' title='bbox 1006 4594 1164 4646; x_wconf 79' lang='lat'><strong>1602.</strong></span> <span class='ocrx_word' id='word_1_373' title='bbox 1243 4590 1350 4643; x_wconf 83' lang='lat' dir='ltr'><strong>See</strong></span> <span class='ocrx_word' id='word_1_374' title='bbox 1381 4608 1416 4643; x_wconf 82' lang='lat' dir='ltr'><strong>a</strong></span> <span class='ocrx_word' id='word_1_375' title='bbox 1439 4588 1692 4643; x_wconf 79' lang='lat' dir='ltr'><strong>different</strong></span> <span class='ocrx_word' id='word_1_376' title='bbox 1716 4596 1952 4643; x_wconf 84' lang='lat' dir='ltr'><strong>account</strong></span> <span class='ocrx_word' id='word_1_377' title='bbox 1994 4589 2061 4644; x_wconf 79' lang='lat' dir='ltr'><strong>of</strong></span> <span class='ocrx_word' id='word_1_378' title='bbox 2086 4588 2197 4643; x_wconf 80' lang='lat' dir='ltr'><strong>this</strong></span> <span class='ocrx_word' id='word_1_379' title='bbox 2235 4606 2426 4662; x_wconf 82' lang='lat' dir='ltr'><strong>escape</strong></span> <span class='ocrx_word' id='word_1_380' title='bbox 2460 4591 2516 4645; x_wconf 84' lang='lat' dir='ltr'><strong>in</strong></span> <span class='ocrx_word' id='word_1_381' title='bbox 2554 4592 2765 4649; x_wconf 79' lang='lat' dir='ltr'><strong>Pacata</strong></span> 
     </span>
     <span class='ocr_line' id='line_1_42' title="bbox 349 4658 2763 4805; baseline 0.004 -23"><span class='ocrx_word' id='word_1_382' title='bbox 349 4658 972 4797; x_wconf 44' lang='lat' dir='ltr'><strong>Hssefimassipaso?the</strong></span> <span class='ocrx_word' id='word_1_383' title='bbox 1013 4750 1141 4805; x_wconf 85' lang='lat' dir='ltr'><strong>map</strong></span> <span class='ocrx_word' id='word_1_384' title='bbox 1183 4732 1249 4787; x_wconf 85' lang='lat' dir='ltr'><strong>of</strong></span> <span class='ocrx_word' id='word_1_385' title='bbox 1279 4702 1574 4803; x_wconf 76' lang='lat' dir='ltr'><strong>Muskerry</strong></span> <span class='ocrx_word' id='word_1_386' title='bbox 1618 4748 1652 4784; x_wconf 81' lang='lat' dir='ltr'><strong>a</strong></span> <span class='ocrx_word' id='word_1_387' title='bbox 1672 4730 1778 4784; x_wconf 77' lang='lat' dir='ltr'><strong>few</strong></span> <span class='ocrx_word' id='word_1_388' title='bbox 1799 4730 1957 4785; x_wconf 85' lang='lat' dir='ltr'><strong>miles</strong></span> <span class='ocrx_word' id='word_1_389' title='bbox 1980 4730 2145 4787; x_wconf 84' lang='lat' dir='ltr'><strong>north</strong></span> <span class='ocrx_word' id='word_1_390' title='bbox 2170 4731 2237 4786; x_wconf 82' lang='lat' dir='ltr'><strong>of</strong></span> <span class='ocrx_word' id='word_1_391' title='bbox 2268 4732 2763 4791; x_wconf 59' lang='lat' dir='ltr'><strong>meroem-Pa-</strong></span> 
     </span>
     <span class='ocr_line' id='line_1_43' title="bbox 349 4800 1905 4876; baseline 0.002 -23"><span class='ocrx_word' id='word_1_392' title='bbox 349 4808 488 4854; x_wconf 78' lang='lat' dir='ltr'><strong>cata</strong></span> <span class='ocrx_word' id='word_1_393' title='bbox 515 4800 790 4865; x_wconf 74' lang='lat' dir='ltr'><strong>Hibernia,</strong></span> <span class='ocrx_word' id='word_1_394' title='bbox 811 4804 868 4859; x_wconf 88' lang='lat' dir='ltr'><strong>ii.</strong></span> <span class='ocrx_word' id='word_1_395' title='bbox 889 4822 945 4876; x_wconf 88' lang='lat' dir='ltr'><strong>p.</strong></span> <span class='ocrx_word' id='word_1_396' title='bbox 971 4806 1097 4859; x_wconf 83' lang='lat'><strong>596.</strong></span> <span class='ocrx_word' id='word_1_397' title='bbox 1176 4804 1299 4860; x_wconf 85' lang='lat' dir='ltr'><strong>The</strong></span> <span class='ocrx_word' id='word_1_398' title='bbox 1323 4802 1470 4875; x_wconf 82' lang='lat' dir='ltr'><strong>siege</strong></span> <span class='ocrx_word' id='word_1_399' title='bbox 1494 4810 1593 4856; x_wconf 86' lang='lat' dir='ltr'><strong>not</strong></span> <span class='ocrx_word' id='word_1_400' title='bbox 1617 4801 1905 4857; x_wconf 81' lang='lat' dir='ltr'><strong>recorded.</strong></span> 
     </span>
    </p>
   </div>
   <div class='ocr_carea' id='block_1_4' title="bbox 639 4878 794 4940">
    <p class='ocr_par' dir='ltr' id='par_1_4' title="bbox 639 4878 794 4940">
     <span class='ocr_line' id='line_1_44' title="bbox 639 4878 794 4940; baseline -0.019 0"><span class='ocrx_word' id='word_1_401' title='bbox 639 4878 794 4940; x_wconf 83' lang='lat'><strong>,31</strong></span> 
     </span>
    </p>
   </div>
  </div>
 </body>
</html>
