3634 5842
358 801 497 846 cn».
547 781 655 864 11.]
855 747 881 777 ’
1011 801 1096 844 nn
1140 799 1342 846 anuo
1387 797 1757 850 eumenem
1801 797 2140 844 Annorum.
2618 765 2739 834 257

355 967 558 1026 tamen
584 961 730 1024 fune
757 960 940 1025 scisso
969 960 1173 1039 evasit,
1203 959 1499 1046 plerisque
1527 980 1752 1038 eorum,
1783 957 1887 1042 qni
1904 954 2245 1042 pendebant
2261 952 2357 1017 vel
2377 949 2579 1049 jaculo
2605 970 2745 1048 con-

355 1047 553 1125 fossis,
598 1047 695 1112 vel
740 1045 878 1112 lacu
922 1045 1259 1111 submersis.
1348 1045 1694 1131 Angliensis
1721 1067 1862 1110 cum
1888 1044 2025 1109 filiis
2070 1040 2323 1118 duobus,
2354 1045 2417 1104 et
2432 1034 2747 1137 ‘militibus

353 1133 550 1199 tribus
579 1155 760 1219 parva
804 1131 983 1198 lintre
1033 1133 1133 1198 vix
1162 1133 1412 1198 salutem
1454 1133 1600 1219 fuga
1639 1132 1810 1284 ζῶ.
1900 1130 2055 1196 Cum
2071 1125 2569 1228 &Melachhnno
2600 1145 2745 1208 qua-

357 1219 658 1305 dringenti
704 1220 877 1297 ferr0,
931 1226 991 1284 et
1036 1241 1189 1304 aqua
1236 1221 1562 1306 perierunt.
1729 1218 1805 1283 de
1851 1215 2175 1282 Cathohcis
2224 1237 2313 1313 in·
2330 1212 2495 1278 lacfls
2523 1208 2747 1310 insulas

355 1308 561 1385 vectis,
612 1306 898 1392 praesidiis
949 1313 1173 1392 septem
1219 1308 1425 1393 captis,
1471 1303 2020 1396 propugnatoribus
2048 1323 2366 1401 suspensis,
2396 1297 2743 1384 Anghense‚

353 1399 418 1458 et
444 1393 756 1458 Esmundo
785 1393 1006 1478 fugatis
1034 1392 1176 1458 Mac
1205 1393 1392 1459 Guier
1420 1395 1486 1459 in
1515 1395 1819 1478 integrum
1846 1392 1969 1455 fore
1996 1394 2349 1454 restituitur.

1386 1894 1566 1960 CAP.
1611 1894 1704 1959 ΙΙ.

356 2105 488 2162 Mac
513 2107 709 2177 Guier,
733 2117 791 2164 et
823 2112 916 2166 alii
955 2111 1011 2166 in
1053 2114 1366 2186 Anglorum
1473 2117 1642 2170 stiam
1681 2115 2042 2188 accipiuntur.
2118 2116 2453 2171 O’Oonchur
2496 2117 2740 2172 Scotiam

561 2182 717 2252 petit.
791 2182 1188 2240 O'Sullevsnus
1211 2186 1283 2240 ad
1310 2185 1378 2240 0’
1438 2187 1670 2242 uarkum
1691 2188 2012 2242 revertitur.
2082 2187 2197 2242 Alii
2220 2197 2509 2260 pacantur.

353 2353 512 2420 Mox
541 2353 994 2436 O’Sullevanus,
1025 2365 1203 2445 atque
1222 2359 1362 2427 Mac
1392 2361 1580 2427 Guier
1605 2362 1792 2428 tridui
1820 2363 2032 2430 itinere
2060 2366 2373 2450 praeteritis
2402 2367 2736 2453 Anglorum

348 2441 638 2591 presidiis
666 2444 733 2506 in
759 2443 1146 2511 Conkeiniam
1195 2445 1408 2512 vallem
1450 2451 1824 2534 perveniunt.
1914 2449 2039 2515 Ubi
2069 2460 2484 2538 compererunt
2513 2453 2741 2520 O'Nel-

369 2548 478 2592 um
504 2529 688 2594 fuisse
715 2529 1129 2596 Dubhlinnam
1175 2533 1509 2618 profectum
1558 2536 1718 2622 pacis
1749 2535 2191 2603 conditionibus
2232 2541 2505 2624 acceptis,
2539 2563 2743 2626 quem-

351 2614 674 2679 admodum
703 2614 1171 2682 demonstratum
1200 2625 1308 2684 aet.
1397 2621 1578 2686 Unde
1618 2643 1825 2686 rursus
1868 2624 2101 2701 reversi,
2136 2622 2276 2689 Mac
2306 2625 2493 2691 Guier
2521 2628 2585 2691 in
2614 2629 2743 2692 An-

392 2700 586 2765 lorum
616 2702 931 2766 amicitiam
957 2726 1088 2768 rece
1129 2711 1230 2768 tus
1258 2712 1368 2784 est,
1400 2707 1554 2771 sicut
1581 2715 1642 2773 et
1659 2707 1759 2773 alii
1776 2708 2013 2774 Ultonii
2030 2710 2356 2774 secundum
2374 2713 2745 2778 conditiones
2785 2751 2801 2763 ·

434 2786 497 2850 N
499 2787 613 2852 ello
643 2787 849 2853 datas:
895 2789 972 2854 O’
977 2789 1019 2854 S
1107 2813 1328 2856 evanns
1357 2792 1433 2856 ad
1462 2792 1852 2859 O'Ruarkum
1869 2795 2101 2859 redivit.
2191 2795 2550 2862 O'Conehur
2570 2799 2743 2864 Kier-

351 2873 476 2938 rius
505 2895 628 2938 uno
657 2875 979 2941 comitante
1009 2876 1270 2942 Scotiam
1320 2887 1528 2964 petens
1579 2880 1617 2944 ὲ
1652 2879 1693 2944 J
1695 2880 1881 2946 acobo
1932 2881 2098 2968 Rege
2154 2882 2744 2950 honorificentissime

349 2961 686 3112 &fiiffi‘fis
707 2963 1251 3117 ⁸tn1ss²ku²2¹¹ge¹t³⁸21¹fi
1266 2965 2743 3138 {iffi„igiosp‘s'ffssssffi'effiffltffffloemffissiuffi'

347 3134 630 3218 pendium
659 3136 837 3221 pacti.
926 3099 1003 3202 Id
1031 3135 1296 3224 Lagenia
1347 3138 1738 3226 Raymundus
1767 3139 2052 3208 O’Morra
2080 3165 2141 3208 re
2184 3151 2352 3209 actus
2381 3145 2457 3210 ad
2485 3109 2735 3232 pauper-

346 3227 547 3300 tatem,
579 3227 640 3285 et
666 3245 704 3287 a
731 3222 856 3288 suis
886 3223 1151 3290 desertus
1179 3225 1646 3294 incolumitatem
1675 3228 2013 3314 paciscitur.

954 3485 1255 3494 ————
1292 3489 2077 3500 —————.-—-———.—..-·
2091 3495 2101 3498 -

1355 3677 1535 3743 CAP.
1583 3676 1712 3742 ΙΙΙ.

343 3873 670 3930 O’Ruarkus
711 3873 1138 3945 possessionibus
1180 3875 1439 3946 spoliatus
1479 3876 1628 4000 diffi-
1666 3873 1800 3927 obit.
1880 3873 1939 3928 M
1944 3889 2009 3926 ac
2035 3871 2342 3926 Williamus
2380 3873 2433 3927 in
2462 3873 2729 3949 Hispanis

1393 3963 1531 4000 mori
1631 3984 1645 3998 .

338 4109 622 4176 Inurum
651 4107 1097 4174 Momoniarum
1125 4107 1387 4175 motibus
1429 4114 1565 4194 post
1614 4106 2083 4173 O'Sullevanum
2112 4108 2367 4194 pulsum·
2382 4110 2619 4190 sedatis,
2651 4135 2723 4177 ex

335 4197 409 4262 iis
435 4195 746 4274 militibus,
793 4195 896 4281 qui
947 4194 1226 4262 adversus
1265 4217 1401 4259 eum
1439 4194 1802 4280 stipendium
1840 4195 2120 4274 fecerant,
2158 4217 2231 4260 ex
2269 4195 2722 4264 Acharemensis

337 4283 518 4348 cladis
547 4281 830 4368 reliquiis,
861 4281 1237 4360 Ibernorum‚
1269 4288 1329 4346 et
1354 4280 1940 4367 Anglo-Ibernorum
1982 4280 2217 4347 auxiliis
2244 4282 2309 4346 in
2331 4281 2721 4350 O’Ruarkum

334 4369 521 4456 Angli
567 4367 954 4435 conscribunt
998 4370 1320 4435 exercitum
1371 4369 1554 4434 trium
1601 4367 1857 4434 millium
1901 4375 2261 4432 armatorum
2290 4369 2462 4434 cu‘us
2492 4393 2724 4438 summa

333 4463 594 4542 potestas
616 4455 855 4520 Olivero
883 4455 1221 4522 Lombardo
1252 4455 1612 4520 Connachtae
1632 4455 1912 4539 praefecto
1932 4453 2261 4553 delegatur.
2346 4391 2722 4524 isembardus

334 4543 555 4608 Martio
600 4564 804 4608 mense
853 4565 1012 4609 anno
1067 4545 1254 4622 1603,
1307 4541 1384 4606 ad
1434 4541 1762 4606 citeriorem
1815 4541 2052 4606 Sininni
2080 4562 2269 4625 ripam
2298 4565 2421 4607 non
2490 4544 2657 4609 rocul
2685 4547 2722 4610 ὲ

333 4627 618 4694 Lietrimo
665 4629 906 4696 castello
957 4631 1155 4718 copias
1201 4628 1407 4694 ducit:
1451 4626 1559 4692 ubi
1601 4626 1819 4691 vadum
1846 4628 2115 4712 trajicere
2142 4635 2381 4693 tentans
2407 4653 2442 4695 a
2515 4631 2720 4698 O’Ru-

335 4713 496 4793 arko,
527 4717 630 4804 qui
657 4738 900 4804 parvam
928 4716 1186 4782 militum
1235 4737 1478 4781 manum
1519 4719 1785 4801 paratam
1812 4712 2087 4792 habebat,
2116 4737 2223 4802 per
2252 4715 2376 4780 dies
2406 4716 2719 4786 duodecim

333 4801 655 4886 repellitur.
740 4804 938 4871 Nocte
968 4802 1193 4870 decima
1221 4803 1397 4869 tertia
1424 4801 1696 4868 cohortes
1725 4807 1953 4889 septem
1976 4801 2019 4866 J
2020 4800 2253 4870 ohanne
2272 4803 2544 4871 Bustoko
2566 4805 2719 4873 duce
