3634 5842
450 810 588 859 car.
633 790 756 877 η]
1083 810 1168 857 nn
1213 810 1409 859 asmo
1455 812 1833 863 aurnnacnu
1877 812 2213 861 Annonam.
2704 799 2829 863 165

448 960 681 1028 Farniae
707 956 1033 1038 castellum,
1065 964 1126 1025 et
1153 959 1582 1044 possessionem
1610 961 1649 1024 a
1673 960 1895 1045 reginae
1921 960 2217 1027 indicibus
2245 960 2519 1039 mittitur,
2549 960 2769 1029 fmstra
2794 963 2835 1027 a

448 1046 770 1115 Catholicis
797 1044 1167 1133 objurgatus,
1197 1046 1361 1131 qubd
1397 1045 1641 1111 minime
1682 1046 1849 1134 juste
1897 1046 2061 1113 Iberi
2108 1046 2401 1115 Catholici
2448 1049 2561 1113 viri
2602 1071 2833 1134 posses-

449 1136 646 1202 siones
673 1132 750 1199 ab
777 1134 1073 1212 haeretico,
1105 1133 1212 1220 qui
1238 1135 1304 1198 in
1333 1155 1430 1198 eas
1457 1133 1684 1219 injusta
1709 1134 1942 1199 actione
1971 1134 2202 1221 agebat,
2234 1134 2603 1201 conduxerit.
2671 1134 2833 1202 Iberi

447 1222 588 1289 vero
636 1220 746 1287 filii
791 1242 918 1286 eam
967 1225 1362 1305 opportunam
1412 1220 1778 1285 occasionem
1826 1222 1961 1300 rati,
2013 1224 2133 1307 qua
2180 1219 2422 1308 gerebat
2464 1220 2835 1289 O'Donellus

449 1332 630 1389 arma,
690 1307 1012 1373 amicorum
1069 1328 1252 1371 manu
1310 1308 1515 1373 coacta
1570 1305 1847 1373 Farniam
1906 1308 2211 1375 castellum
2268 1316 2455 1375 noctu
2517 1308 2831 1375 invadunt.

448 1395 706 1462 Foribus
766 1391 1086 1479 improviso
1134 1393 1337 1479 ignem
1385 1392 1722 1461 admovent.
1810 1393 2105 1459 castellus
2162 1395 2488 1481 inquilinus
2542 1394 2835 1461 'l'albotus

450 1483 778 1549 suffocante
825 1480 991 1547 fumo
1042 1480 1486 1566 expergefactus
1531 1479 1821 1545 subucula
1870 1487 2105 1547 tantum
2152 1482 2403 1548 indutus
2428 1481 2583 1548 lecto
2613 1482 2829 1563 exsilit,

448 1570 720 1656 foresque
772 1565 1084 1668 patefacit:
1149 1588 1306 1653 pone
1356 1566 1590 1632 'annam
1635 1566 2039 1667 absconditus,
2085 1568 2192 1634 ubi
2249 1568 2413 1634 Iberi
2466 1568 2638 1634 liberi
2691 1591 2831 1635 cum

447 1678 684 1809 353:
699 1661 1222 1828 &Jmffiffsscngss
1239 1676 1326 1807 ¹3:2¹
1343 1654 2834 1840 AEssessffffiffidssussuffiffffiffiqffinffi

447 1828 898 1908 transferebant,
945 1832 1269 1893 asserentes
1325 1827 1441 1893 hoc
1491 1828 1700 1907 invito,
1752 1828 1907 1893 mhil
1934 1828 2069 1894 illos
2097 1828 2411 1896 ausuros-'¹'
2497 1828 2623 1894 Sub
2672 1828 2833 1894 idem

447 1924 684 2003 tempus
711 1914 918 2001 Angli,
963 1914 1067 2001 qui
1116 1914 1511 1980 Ardmacham
1557 1913 1837 1980 Primatis
1887 1914 2092 1981 Iberni
2142 1916 2339 1981 sedem
2368 1916 2641 2001 praesidio
2669 1923 2833 1981 tene-

447 2002 613 2084 bant,
641 2003 932 2089 templum
979 2001 1214 2087 ingredi
1261 2002 1656 2080 constituunt,
1703 2002 2191 2089 resistentemque
2240 2002 2528 2067 aedituum
2586 2008 2648 2067 et
2689 2002 2835 2067 alios

452 2090 782 2157 sacerdotes
807 2091 874 2155 in
901 2088 1138 2153 vincula
1165 2088 1474 2174 conjicere.
1518 2088 1618 2153 Ad
1644 2089 1831 2153 rixam
1855 2111 2136 2155 accurens
2156 2089 2495 2155 Bernardus
2518 2088 2593 2153 O’
2596 2088 2659 2153 N
2661 2088 2833 2167 ellus,

450 2178 554 2262 qui
581 2184 728 2243 tunc
756 2177 910 2242 forte
935 2176 1000 2241 in
1029 2198 1108 2275 op
1149 2174 1250 2241 ido
1279 2182 1405 2240 erat
1441 2175 1770 2241 sacerdotes
1789 2176 1857 2240 in
1883 2175 2215 2241 libertatem
2246 2177 2470 2241 asserit.
2500 2174 2835 2241 Duodecim

450 2263 684 2350 Anglos
713 2263 930 2329 milites
971 2268 1095 2349 pati
1139 2262 1242 2327 ulo
1293 2262 1576 2349 suspendi
1617 2261 1811 2349 jubet.
1903 2262 2141 2349 Reliqui
2187 2263 2529 2350 praesidiarii
2569 2262 2834 2348 fugiunt,

450 2352 619 2416 cuius
647 2352 732 2417 rei
777 2351 1086 2416 authorem
1137 2350 1320 2415 fuisse
1364 2350 1652 2415 'I'ironum
1698 2355 2095 2435 protestantes
2145 2372 2253 2438 pro
2295 2374 2359 2417 re
2388 2352 2567 2430 certA,
2595 2348 2833 2415 indubi-

448 2440 692 2525 tataque
711 2434 1202 2510 confirmabant.†

1771 2638 1966 2649 unu—‘’amu—

1468 2827 1648 2895 CAP.
1693 2828 1814 2897 XI.

453 3016 664 3146 Regius
689 3015 962 3072 exercitus
1001 3015 1094 3070 ad‘
1113 3014 1312 3071 vadum
1354 3017 1720 3074 biscoctorum
1762 3038 1965 3093 panum
2006 3040 2041 3075 a
2082 3022 2211 3077 Mac
2238 3020 2445 3077 Guiere
2480 3029 2536 3074 et
2561 3016 2837 3075 cormako

523 3086 1440 3216 cglggffihgngiffidcgiponellus
1467 3091 1836 3146 Iniskillenam
1878 3093 1933 3146 in
1953 3093 2282 3149 deditionem
2305 3092 2520 3164 accipit,
2542 3100 2599 3147 et
2622 3092 2836 3165 Anglos

456 3326 535 3393 Iu
563 3327 679 3393 hoc
705 3347 905 3391 rerum
932 3274 1097 3391 statu
1125 3324 1534 3393 Iniskellinnoe
1562 3329 1712 3395 arcis
1745 3330 2085 3417 praesidium
2115 3332 2190 3399 ab
2221 3331 2555 3399 O’Donello
2585 3333 2834 3399 circum-

455 3436 681 3480 sessum
709 3413 864 3478 fame
891 3410 1285 3497 premebatur.
1333 3416 1425 3479 Ac
1453 3414 1642 3482 Filius
1673 3418 1913 3503 quidem
1942 3420 2209 3506 scrophae
2237 3421 2385 3487 arcis
2414 3420 2699 3507 proditor,
2732 3420 2837 3504 qui

449 3502 514 3566 in
542 3524 611 3567 ea
639 3500 713 3565 ab
747 3498 960 3585 Anglis
989 3506 1115 3565 erat
1163 3499 1421 3580 relictus,
1470 3524 1572 3567 sus
1617 3525 1798 3569 vorax
1849 3507 2143 3573 esuriente
2168 3515 2377 3573 ventre
2404 3507 2654 3573 afflictus
2696 3526 2837 3570 cum

451 3585 951 3653 commilitonibus
980 3585 1243 3672 quintu
1272 3594 1458 3652 noctu
1483 3610 1590 3673 per
1615 3589 1812 3656 lacum
1840 3592 2018 3659 lintre
2044 3594 2281 3673 missus,
2312 3592 2473 3679 qubd
2500 3593 2832 3677 regionum,

450 3682 510 3739 et
537 3676 818 3741 itinerum
847 3680 1126 3759 expertus
1169 3680 1313 3753 erat,
1343 3677 1711 3757 nunciatum,
1744 3686 1967 3763 quanto
2014 3681 2081 3745 in
2126 3679 2461 3745 discrimine
2504 3684 2834 3743 versaretur

449 3784 570 3842 arx,
601 3769 664 3826 et
691 3761 729 3824 ὲ
755 3758 1077 3826 Catholicis
1103 3759 1326 3825 interce
1367 3766 1466 3825 tus
1514 3784 1634 3827 una
1676 3786 1814 3828 cum
1844 3764 2019 3830 sociis
2046 3764 2251 3830 multis
2278 3764 2830 3839 vulneribusdnter-

448 3849 662 3915 ficitur.
749 3846 1163 3912 Nihilominus
1191 3780 1379 3933 Angli
1435 3850 1841 3933 angustiarum
1872 3852 2021 3916 arcis
2049 3852 2291 3917 minime
2319 3852 2503 3917 nescii
2529 3851 2845 3938 suppetias,

449 3935 535 4001 ire
562 3934 867 4001 festinant.
913 3932 1136 3997 Carnes
1165 3932 1351 4011 salsae,
1383 3956 1588 4000 caseus
1608 3956 1828 4021 magna
1854 3938 2025 4022 copia
2055 3935 2300 4003 biscocti
2326 3939 2497 4025 panis
2524 3945 2825 4025 parantur.

449 4020 801 4088 Praesidiarii
829 4018 1048 4085 milites
1075 4028 1431 4085 evocantur:
1465 4019 1819 4087 Ibernorum
1841 4023 2104 4089 delectus
2132 4024 2419 4107 habetur3
2452 4048 2525 4091 ex
2552 4024 2831 4091 omnibus

449 4131 641 4195 nuper
668 4107 1018 4192 conscriptis
1047 4104 1303 4185 Ibernis,
1333 4114 1394 4171 et
1421 4106 1638 4194 Anglis
1652 4110 2028 4195 praesidiariis
2059 4112 2179 4177 duo
2201 4112 2404 4193 millia,
2427 4120 2489 4179 et
2518 4111 2831 4199 quingenti

450 4204 768 4281 coguntur,
799 4214 1045 4279 quoram
1075 4200 1243 4257 erant
1271 4194 1499 4280 equites
1549 4196 1988 4282 quadringenti.
2078 4198 2198 4264 His
2236 4200 2557 4285 imperator
2583 4199 2829 4286 proefici-

315 4292 338 4313 ‘
449 4290 548 4348 tur
579 4282 880 4348 Hearicus
907 4279 1128 4345 Dulms
1155 4280 1392 4365 Anglus
1441 4300 1621 4367 eques
1650 4292 1892 4349 auratus
1922 4284 2171 4371 Iphah'ae
2198 4288 2561 4373 principatus
2589 4285 2829 4371 praefec-

448 4377 566 4449 tus,
599 4376 660 4435 et
710 4372 1154 4435 castrametator
1201 4365 1353 4431 Fool
1402 4368 1576 4433 etiam
1633 4370 1888 4456 AngluS,
1942 4374 2018 4437 de
2056 4395 2309 4457 quorum
2342 4372 2588 4438 consilio
2618 4372 2831 4437 certior

448 4456 640 4522 factus
668 4452 1059 4532 O'DonelluS,
1077 4452 1304 4538 legatos
1333 4452 1407 4518 ad
1436 4454 1724 4552 'Pir-onum
1753 4457 1959 4537 mittit,
1989 4458 2393 4525 Protestantes
2421 4458 2830 4525 Iniskellinnae

519 4672 559 4739 †
599 4667 902 4733 occurred,
920 4666 1205 4739 probably,
1230 4666 1384 4720 when
1405 4667 1498 4721 the
1517 4666 1742 4722 O'Neils
1757 4669 2017 4723 marched
2043 4677 2099 4723 to
2128 4670 2285 4727 Kells
2310 4671 2416 4726 and
2437 4670 2618 4726 Slane.
2648 4670 2826 4742 April,

451 4742 597 4795 ΑΔ).
631 4744 782 4795 1595.
857 4738 1006 4792 Four
1028 4740 1288 4799 Manen,
1307 4754 1360 4809 p.
1396 4740 1546 4793 1959.
1621 4742 1751 4817 Cox,
1813 4780 1829 4794 .
1853 4743 1979 4794 406.

522 4814 552 4879 †
588 4810 866 4880 Probably
891 4808 946 4862 in
970 4808 1150 4881 April,
1189 4812 1345 4871 1595,
1368 4807 1523 4863 when
1549 4809 1722 4884 Hugh
1805 4810 1949 4865 'Neil
1974 4812 2105 4867 took
2130 4812 2476 4871 Blackwater
2500 4812 2661 4878 Fert,
2688 4812 2825 4875 Cor,

452 4900 507 4954 p.
534 4886 672 4951 4063
714 4898 779 4935 or
803 4880 858 4934 in
888 4878 1256 4942 1596.-1⁷n·d‚
1279 4898 1334 4951 p.
1362 4883 1484 4935 411.
2721 4929 2734 4939 ,
