3634 5842
338 743 475 788 car.
507 722 652 805 νη]
860 743 944 786 nn
987 741 1363 787 massonum
1409 741 1698 800 omema,
1746 742 2144 800 summurn,
2201 726 2303 789 διο.
2642 730 2721 792 37

337 917 668 961 sermonem
717 894 1102 960 vernaculum
1151 894 1372 961 habent
1398 922 1412 960 :
1481 896 1644 960 Dum
1708 895 1937 962 viribus
1998 895 2312 962 valuerunt
2368 896 2725 964 lbernorum

334 989 622 1062 veterum,
651 981 886 1067 legibus
914 988 1094 1068 atque
1123 982 1388 1048 moribus
1434 1005 1558 1047 nou
1601 1005 1811 1068 regum
1856 982 2096 1068 Angliae
2123 983 2419 1048 vixerunt.
2509 983 2724 1072 Itaque

337 1069 402 1134 hi
431 1077 492 1135 et
519 1076 746 1134 veteres
775 1067 1000 1149 Iberni,
1031 1069 1292 1135 Ibernici
1321 1070 1621 1135 dicuntur.

427 1155 610 1222 Haud
639 1163 840 1222 tamen
891 1155 1109 1222 desunt
1156 1155 1333 1221 multi
1376 1179 1451 1221 ex
1492 1156 1588 1221 his
1629 1156 1979 1222 novioribus
2008 1155 2265 1236 Ibernis,
2300 1157 2406 1243 qui
2434 1158 2725 1224 hactenus

335 1243 527 1328 magis
554 1265 678 1329 pree
707 1265 770 1308 se
797 1242 1066 1308 tulerunt
1093 1265 1159 1308 se
1185 1242 1494 1328 Anglicon,
1529 1263 1708 1329 quam
1736 1243 2045 1309 Ibernicos
2088 1265 2236 1321 esse,
2282 1244 2547 1310 moribus
2596 1247 2724 1311 An-

337 1330 574 1416 glorum
623 1331 738 1409 usi,
769 1338 830 1394 et
872 1335 1130 1416 utroque
1175 1352 1464 1408 sermone,
1496 1330 1600 1394 sed
1649 1330 1849 1395 minus
1891 1330 2081 1417 polito
2112 1336 2172 1394 et
2198 1330 2429 1397 limato.
2519 1332 2637 1398 Sed
2664 1339 2727 1398 et

335 1417 403 1482 hi
431 1439 569 1481 cum
598 1415 726 1482 aliis
774 1414 971 1495 rebus,
1000 1423 1133 1482 tum
1162 1417 1274 1482 hac
1323 1416 1700 1503 potissimum
1730 1423 1791 1482 et
1820 1439 1959 1482 cum
2003 1414 2293 1481 Ibernicis
2324 1420 2724 1499 consentiunt,

336 1513 398 1569 et
426 1503 503 1569 ab
531 1503 747 1588 Anglis
776 1503 1083 1584 dissident,
1115 1502 1276 1589 quod
1305 1525 1536 1589 semper
1557 1503 1679 1568 sint
1706 1503 2073 1570 Catholicam
2100 1503 2449 1589 religionem
2476 1506 2727 1592 professi

335 1597 397 1655 et
426 1591 732 1656 haereticos
760 1590 1098 1676 Anglorum
1126 1611 1350 1655 errores
1379 1591 1647 1656 aversati.

421 1677 520 1742 Ex
546 1678 640 1743 his
667 1676 862 1743 adhuc
889 1677 998 1756 illi,
1042 1677 1148 1763 qui
1193 1676 1598 1762 Finegaldam,
1627 1676 1723 1742 vel
1769 1674 2087 1761 Anglicam
2130 1677 2513 1761 provinciam,
2542 1678 2607 1745 id
2636 1686 2729 1745 est

379 1764 687 1830 articulam
744 1763 1001 1829 Ibernioe
1057 1763 1388 1850 proximam
1465 1763 1705 1850 Angliae
1759 1761 1907 1827 olim
1972 1761 2227 1828 incolere
2276 1772 2598 1851 caeperunt,
2651 1765 2727 1832 ab

335 1788 572 1917 {bernis
623 1851 924 1936 disjuncti,
977 1872 1168 1936 genus
1210 1851 1554 1936 Anglicum,
1585 1849 1681 1916 vel
1709 1849 1912 1935 Anglo
1941 1848 2148 1915 Iberni
2176 1855 2237 1915 et
2266 1851 2464 1917 coloni
2492 1875 2725 1918 nuncu-

335 1945 574 2026 pantur,
604 1943 666 2004 et
693 1924 1032 2023 Anglorum
1062 1936 1327 2002 moribus
1356 1945 1417 2002 et
1441 1936 1676 2023 legibus
1704 1937 2000 2002 vixerunt.
2091 1934 2367 2008 Quorum
2401 1939 2608 2025 lingua
2636 1945 2728 2005 est

337 2025 596 2112 Anglica
621 2031 794 2090 vetus
823 2023 1060 2091 Ibernis
1105 2023 1301 2090 verbis
1345 2025 1552 2104 mixta,
1584 2044 1718 2111 quae
1747 2022 1824 2088 ab
1854 2022 2089 2088 Ibernis
2132 2029 2193 2088 et
2235 2023 2452 2110 Anglis
2480 2027 2729 2093 comiter

335 2120 398 2178 et
425 2113 572 2178 scite
587 2110 991 2198 loquentibus,
1019 2111 1252 2176 facilius
1281 2111 1622 2177 subridetur
1639 2131 1821 2196 quam
1840 2110 2212 2195 intelligitur.
2247 2111 2386 2177 Hoc
2414 2113 2726 2179 hominum

413 2222 529 2264 nus
560 2199 790 2265 scilicet
814 2198 926 2264 hos
955 2197 1439 2284 Anglo-Ibernos
1459 2197 1822 2284 Finegaldae,
1840 2195 2119 2262 laudibus
2148 2198 2379 2264 extollit
2396 2198 2728 2266 Richardus

381 2286 773 2365 tanihurstus,
825 2285 1072 2352 aliorum
1123 2284 1343 2351 famam
1395 2284 1720 2350 multorum
1769 2283 2007 2370 injustis
2051 2284 2211 2348 notis
2255 2285 2520 2352 inurens.
2610 2287 2729 2353 Sed

335 2381 534 2438 tamen
584 2373 714 2458 ejus
760 2373 1076 2438 maximam
1121 2371 1372 2457 gloriam
1413 2373 1632 2438 tacitus
1675 2369 2019 2458 praeterivit,
2065 2371 2227 2456 quod
2270 2396 2395 2439 non
2438 2374 2725 2460 Anglicas

334 2466 546 2539 sectas,
597 2459 701 2524 sed
754 2459 1120 2524 Catholicam
1169 2458 1517 2545 religionem
1557 2459 1922 2545 profiteatur,
1970 2463 2322 2524 coeterorum
2373 2459 2728 2527 Ibernorum

333 2547 516 2611 fidem
543 2551 606 2610 et
633 2545 1027 2610 constantiam
1053 2545 1374 2626 imitatum,
1406 2547 1518 2611 etsi
1541 2553 1739 2610 tamen
1768 2546 1834 2610 in
1862 2543 2018 2609 bello
2063 2544 2398 2631 Anglorum
2428 2555 2624 2634 part-es
2653 2550 2732 2614 sit

335 2639 632 2698 secutum.

1696 2881 1793 2887 ,ή-
1800 2879 2088 2888 ———-——-——.

1323 3087 1373 3151 C
1397 3084 1526 3150 ΑΡ.
1573 3083 1726 3149 VII.

1122 3253 1209 3308 De
1233 3253 1562 3310 Iber-norum
1586 3268 1851 3306 sermone.

343 3403 659 3470 12³1:ch
711 3403 916 3491 lingua
968 3412 1059 3470 cst
1101 3405 1340 3504 copiosa
1383 3405 1562 3470 simul
1590 3412 1652 3470 et
1681 3403 2063 3470 sententiosa.
2094 3409 2437 3485 scommata,
2469 3403 2731 3486 dicteria,

341 3490 602 3572 facetias,
633 3491 804 3572 sales,
833 3492 1000 3558 selles
1028 3489 1309 3558 brevibus
1339 3491 1534 3558 verbis
1563 3492 1925 3579 amplectens
1945 3517 1965 3571 ς
2012 3490 2159 3557 adeo
2189 3499 2425 3559 vetusta
2452 3500 2521 3556 ut
2550 3493 2735 3578 aliqui

342 3579 702 3658 existiment,
727 3601 855 3644 eam
884 3580 949 3644 in
976 3577 1428 3646 Nembrothicoe
1457 3580 1637 3644 turris
1682 3577 2130 3665 perturbatione
2178 3580 2521 3666 linguarum
2548 3579 2733 3644 fuisse

343 3663 562 3744 datam,
593 3663 694 3732 alii
720 3664 967 3732 tradunt
993 3688 1069 3731 ex
1097 3665 1226 3732 aliis
1251 3665 1478 3753 linguis
1507 3665 1897 3752 compositam
1925 3671 1987 3730 et
2015 3664 2337 3732 derivatam
2366 3687 2511 3729 esse.
2598 3665 2735 3817 Ego

341 3773 493 3832 reor,
522 3774 648 3817 non
676 3751 848 3818 valde
874 3753 1263 3838 compositam
1279 3775 1426 3832 esse,
1454 3775 1592 3818 cum
1619 3749 1899 3817 brevibus
1924 3751 2291 3816 dictionibus
2316 3757 2572 3816 constet.
2696 3751 2737 3816 d

343 3843 437 3904 est
465 3838 836 3925 exploratum
865 3863 902 3904 a
927 3839 1226 3905 veteribus
1254 3839 1510 3918 IberniS,
1532 3860 1661 3904 oese
1687 3838 1752 3902 in
1779 3836 2084 3904 Iberniam
2104 3837 2468 3917 translatam,
2496 3839 2738 3926 suisque

343 3926 781 3992 characteribus
832 3925 1114 4011 scriptam
1140 3953 1155 3992 ε
1199 3925 1458 4012 indeque
1507 3923 1584 3990 ab
1633 3921 1874 3990 Ibernis
1920 3924 2253 3991 litterarum
2310 3925 2737 4012 cognitionem,

341 4011 602 4098 legendi,
633 4012 1046 4100 scribendique
1075 4019 1262 4078 artem
1289 4012 1353 4077 in
1383 4011 1776 4091 Britanniam,
1795 4018 1858 4076 et
1880 4011 2022 4078 alias
2050 4033 2115 4077 re
2162 4012 2325 4078 ‘ones
2352 4019 2742 4100 propagatam

346 4099 552 4181 fuisse,
627 4097 947 4180 Oaecillius,
1017 4099 1229 4165 Sarum
1278 4121 1495 4180 comes,
1541 4098 1784 4184 longius
1844 4096 2059 4186 probat
2144 4101 2212 4165 in
2267 4099 2737 4186 manuscriptis.)

343 4185 754 4274 Alphabetum
809 4185 1156 4277 Ibernicum
1212 4186 1326 4252 etsi
1374 4209 1411 4252 a
1455 4183 1700 4271 reliquis
1749 4186 2029 4252 omnibus
2078 4187 2272 4273 figura
2298 4191 2360 4252 et
2398 4185 2743 4252 nominibus

343 4273 680 4340 litterarum
723 4273 992 4354 dissidet,
1020 4282 1221 4340 tamen
1241 4275 1436 4359 figura
1463 4295 1598 4338 cum
1631 4272 1843 4339 Graeco
1872 4280 1934 4339 et
1976 4297 2115 4340 cum
2136 4273 2367 4352 eodem,
2400 4280 2461 4339 et
2484 4271 2745 4340 Hebraeo

345 4359 692 4436 nominibus
719 4383 844 4428 non
872 4361 1100 4429 nnllam
1129 4360 1576 4428 similitudinem
1605 4357 1823 4426 habere
1836 4359 2133 4444 'videtui-‚u

2768 4387 2913 4455 [aa]
