3634 5842
874 720 999 784 340
1286 715 1705 783 o'sumvam
1745 732 2062 779 msmnm
2105 731 2496 793 cimonem,
2524 731 2674 778 rou.
2705 735 2794 780 ιν.
2963 715 3122 798 [us.
3153 731 3257 778 111.

870 919 1182 984 persumus
1230 895 1509 962 acerbum
1548 892 1872 980 flagellum,
1901 892 2281 980 divinamque
2305 892 2630 960 vindictam
2659 893 2886 979 experti
2913 899 3104 958 errata
3131 915 3257 959 cor-

870 987 1174 1070 rigamus:
1218 983 1441 1069 posteri
1486 983 1779 1068 majorum
1831 1001 2077 1046 suorum
2105 981 2358 1060 ruinam,
2406 987 2468 1046 et
2509 981 2754 1046 exitium
2784 981 3068 1045 memoria
3092 1003 3259 1066 repc-

870 1077 1065 1136 tentes
1112 1071 1366 1136 aversari
1411 1069 1574 1148 vitia,
1621 1067 1815 1132 colere
1857 1069 2126 1147 virtutes,
2177 1067 2575 1134 Christianam
2623 1069 2905 1154 pietatem
2931 1068 3258 1148 restituere,

870 1157 1202 1224 libertatem
1218 1177 1563 1243 recuperare
1578 1155 1848 1220 discant:
1891 1160 2107 1220 exterae
2123 1161 2332 1241 gentes
2361 1154 2716 1221 Ibernorum
2743 1154 3014 1241 exemplo
3041 1155 3260 1220 territae

870 1246 1120 1310 timeant
1146 1243 1432 1322 Numinis
1458 1243 1609 1308 iram
1636 1263 1975 1328 provocare,
1997 1248 2060 1307 et
2075 1263 2210 1328 quie
2230 1243 2357 1328 jam
2383 1244 2849 1328 provocaverint,
2873 1243 3054 1330 quam
3083 1242 3261 1308 celer-

873 1339 1243 1484 mfiffineg
1256 1336 1835 1504 {ciiiilgffiltgfftentist
1849 1413 2108 1481 Iberniae
2123 1415 2440 1496 excidium,
2459 1421 2522 1481 et
2537 1418 2634 1481 An
2635 1415 2872 1503 giorum
2889 1415 3260 1514 tyrannidem

873 1507 939 1572 in
964 1505 1190 1572 Christi
1216 1505 1259 1570 J
1260 1527 1365 1571 esu
1392 1503 1741 1590 religionem
1768 1503 1913 1568 satis
1940 1501 2073 1568 fuse
2101 1525 2308 1568 sumus
2335 1505 2653 1590 prosecuti.
2711 1503 2870 1574 Quae
2891 1525 3036 1568 vero
3067 1504 3264 1568 Stam-

872 1593 1119 1658 hurstus
1146 1613 1345 1658 rerum
1372 1615 1408 1657 a
1432 1591 1590 1670 lixis,
1642 1598 1821 1676 atque
1871 1588 2178 1656 calonibus
2223 1589 2511 1656 factarum
2559 1591 2812 1676 scriptor
2859 1591 3141 1668 evomuit,
3185 1587 3276 1654 ab·

872 1680 1289 1745 historicorum
1338 1678 1649 1765 gymnasio
1698 1683 1843 1743 sunt
1883 1677 2271 1763 explodenda.
2358 1677 2576 1764 Itaque
2603 1699 2696 1743 res
2726 1677 2983 1743 Iberniae
3011 1701 3047 1742 a
3117 1676 3266 1740 rima

872 1767 1069 1852 gentis
1094 1767 1257 1832 illius
1284 1765 1515 1851 origine
1542 1785 1734 1852 usque
1760 1764 1840 1830 ad
1865 1765 2173 1851 praesentis
2189 1764 2428 1830 hoeresis
2447 1764 2754 1831 exordium
2788 1763 3063 1830 Ibernice
3113 1785 3269 1848 onge

874 1851 1325 1939 diligentissime
1350 1852 1726 1939 perscriptae,
1748 1873 1862 1918 nos
1878 1851 2233 1938 primoribus
2263 1851 2367 1936 (ut
2383 1853 2575 1936 aiunt)
2602 1851 2784 1916 labris
2801 1851 3264 1937 degustavimus.

877 1940 1032 2012 Quae
1060 1963 1199 2006 vero
1228 1939 1303 2007 ab
1333 1940 1571 2006 haeresis
1598 1938 1938 2025 Anglorum
2007 1939 2258 2025 rincipio
2287 1961 2479 2025 usque
2507 1939 2582 2004 ad
2629 1939 2890 2004 Ibernici
2919 1937 3268 2026 parlamenti

872 2029 1054 2092 finem
1081 2034 1249 2112 gesta
1274 2033 1437 2106 sunt,
1468 2026 1609 2112 quia
1623 2026 1903 2112 pleraque
1919 2049 1956 2090 ο
2019 2033 2136 2091 tem
2221 2047 2352 2090 rum
2374 2026 2671 2112 injuriam,
2689 2034 2750 2091 et
2767 2025 3268 2112 perturbationem

873 2047 2480 2286 rffssss¹rffifflffiaeoeassssffl‘affunde
2497 2113 3268 2286 emim

949 2447 975 2474 ‘
1013 2443 1136 2500 The
1158 2441 1440 2528 following
1464 2441 1777 2509 document,
1801 2459 1926 2496 now
1953 2441 2172 2510 printed
2193 2441 2283 2497 for
2297 2441 2394 2496 the
2411 2442 2534 2498 flrst
2548 2442 2700 2506 time,
2715 2444 2868 2516 gives
2889 2462 3040 2502 some
3061 2447 3270 2502 minute

878 2517 987 2570 and
1010 2515 1259 2570 valuable
1284 2513 1477 2570 details
1502 2531 1573 2567 on
1596 2513 1691 2568 the
1714 2521 1858 2567 state
1900 2511 1967 2567 of
1998 2513 2094 2567 the
2119 2512 2267 2568 Irish
2293 2512 2593 2579 Catholics,
2617 2515 2984 2588 immediately
3006 2517 3154 2572 aster
3175 2518 3276 2588 the³
3373 2529 3388 2554 ⁸

878 2583 2062 2729 Puklboggdltgfsgffp:iudldogesin-Zakfestum
2109 2655 2170 2710 S.
2213 2653 2501 2712 Michaelis
2543 2655 2611 2710 de
2653 2663 2804 2711 statu
2843 2659 3038 2729 patriae
3073 2667 3272 2716 nostrae

879 2729 1173 2784 admodum
1198 2727 1410 2786 afflictae
1434 2735 1492 2782 et
1514 2743 1801 2811 oppressae.
1878 2726 1968 2782 Ne
1989 2743 2121 2782 vero
2159 2743 2294 2784 mee
2328 2727 2525 2782 littere
2570 2729 2646 2782 ad
2667 2737 2725 2782 te
2747 2745 2858 2783 non
2883 2732 3271 2814 per-venissent,

883 2807 981 2857 aut
1004 2800 1050 2854 si
1072 2799 1441 2872 pervenerint,
1478 2799 1700 2853 minime
1738 2815 1828 2852 res
1871 2815 1992 2870 quae
2033 2799 2105 2852 ad
2139 2798 2370 2854 afflictos
2409 2798 2725 2854 Catholicos
2764 2809 3062 2884 pertinent,
3097 2811 3276 2858 mente

883 2873 1173 2998 cogitgres,
1196 2870 1299 2925 tibi
1340 2870 1543 2926 iterum
1584 2885 1749 2942 super
1790 2869 1980 2924 eadem
2005 2886 2084 2933 re,
2109 2870 2334 2942 aliisque
2357 2871 2462 2925 hoc
2483 2869 2542 2924 in
2565 2885 2883 2926 memoriam
2907 2875 3278 2930 revocandum

884 2959 1001 2998 esse
1061 2961 1176 2998 uxi.

958 3023 995 3049 ‘⁶
1017 3018 1089 3070 1⁰.
1130 3015 1353 3068 Revera
1393 3012 1641 3067 omnibus
1664 3011 1886 3096 pupillis
1911 3011 2004 3083 qui
2027 3011 2084 3066 in
2121 3011 2268 3085 regis
2301 3029 2468 3068 manu
2491 3021 2640 3078 sunt,
2662 3014 2820 3069 minae
2841 3015 3186 3072 intentantur
3209 3015 3275 3070 de

885 3085 1275 3139 subscribendo
1316 3084 1583 3155 primatus
1619 3083 1759 3154 regii
1791 3082 2128 3153 juramento,
2169 3083 2385 3155 quando
2429 3084 2739 3140 libertatem
2763 3102 2799 3139 a
2819 3103 2950 3158 rege
2973 3087 3276 3158 postulant.²

884 3157 1114 3210 Etenim
1136 3155 1298 3210 multi
1329 3155 1561 3226 juvenes
1600 3154 1842 3208 heredes
1883 3155 2103 3208 omnino
2139 3162 2336 3209 contra
2355 3155 2740 3211 conscientiam
2767 3156 3070 3226 jurarunt3
3109 3159 3276 3232 aliqui

886 3226 1132 3282 contenti
1173 3243 1288 3282 esse
1326 3227 1597 3310 debebant
1637 3241 1826 3280 carere
1867 3225 2056 3280 fructu
2095 3233 2152 3280 et
2191 3227 2524 3298 possessione
2558 3227 2893 3284 hereditatis
2917 3237 2974 3284 et
2997 3239 3277 3286 terrarum

886 3315 1111 3423 met-¹2²?
1168 3313 1348 3423 linoggse
1362 3303 1629 3439 ἆιέζῗὲξὲε,
1654 3360 2034 3438 magistratus,
2069 3365 2268 3440 aliique
2292 3367 2544 3424 officiales
2586 3369 2984 3438 ministeriales,
3023 3391 3087 3427 ac
3133 3373 3275 3426 'ure-

890 3440 1111 3495 diciales
1164 3440 1223 3494 in
1264 3439 1575 3494 civitatibus
1615 3439 1934 3510 oppidisque
1971 3439 2276 3510 corporatis
2313 3439 2370 3492 in
2411 3439 2517 3494 hoc
2555 3457 2726 3513 regno
2769 3444 3050 3498 annuatim
3099 3391 3276 3507 eiecti,¹

888 3511 1292 3638 fizmffiluntur
1331 3511 1573 3637 irggngre
1612 3511 1892 3650 min(ist1·od
1935 3510 2190 3635 officiales
2227 3509 2633 3636 huigtinzgtutp
2657 3512 2964 3568 conformes
2985 3515 3098 3641 {gb
3119 3533 3278 3587 poena

968 3600 1028 3637 er
1114 3599 1207 3636 nm
1248 3599 1356 3638 ami
1440 3601 1477 3636 n
1514 3597 1673 3636 arum
1779 3599 1853 3636 uo
1933 3599 2038 3636 con
2063 3599 2274 3636 rarmm
2531 3599 2614 3637 on
2662 3593 2961 3649 cartarum,
3065 3605 3126 3641 er
3209 3601 3278 3640 ue

889 3653 1169 3710 electionis
1218 3662 1383 3726 atque
1407 3654 1488 3710 ita
1502 3599 1881 3724 juramen‘lum
1903 3653 2280 3724 supradictum
2294 3652 2507 3723 jurare.
3125 3605 3208 3659 αἱ

963 3733 999 3760 “
1017 3729 1094 3780 3⁰.
1194 3725 1293 3780 ulli
1316 3727 1435 3780 viro
1458 3724 1629 3779 nobili
1653 3723 2025 3797 (magnatibus
2064 3725 2330 3796 exceptis)
2369 3723 2710 3796 permittitur
2745 3733 2811 3780 ut
2847 3725 3134 3784 Romanus
3173 3728 3276 3784 Ca-

886 3795 1123 3852 tholicus
1143 3797 1473 3852 nominetur.
2966 3803 2976 3810 ”

894 3889 899 3894 ·
960 3872 1091 3921 “40.
1133 3867 1337 3923 Omnes
1374 3868 1707 3930 sacerdotes,
1748 3864 1840 3921 alii
1877 3883 1949 3921 ue
1997 3867 2326 3937 ,iamdudum
2377 3867 2658 3940 religionis
2697 3868 2916 3924 nomine
2951 3869 3276 3925 incarcerati

890 3939 1071 3994 adhuc
1092 3940 1149 3993 in
1174 3947 1331 3994 arcta
1354 3939 1603 3994 custodia
1640 3945 1789 3992 sunt.
1923 3955 2057 3992 evus
2093 3949 2278 3994 autem
2313 3955 2513 4010 prorex
2539 3932 2858 4010 (Falkland,
2883 3939 3026 4010 Ed.)
3051 3950 3276 4014 rogatus

890 4029 927 4066 a
944 4010 1291 4083 magnatibus
1314 4018 1378 4064 ut
1400 4010 1710 4066 libertatem
1730 4009 1971 4082 aliquam
1995 4011 2274 4076 concedat,
2294 4011 2576 4082 respondit
2589 4029 2646 4066 se
2661 4012 2880 4068 omnino
2897 4029 3074 4085 neque
3091 4014 3276 4072 tulisse

890 4100 1075 4138 secum
1098 4099 1167 4135 ex
1190 4081 1411 4152 Anglia,
1436 4098 1611 4153 neque
1632 4080 1784 4135 illinc
1807 4080 1941 4136 talia
1963 4082 2236 4144 mandata,
2261 4099 2326 4135 ex
2352 4099 2460 4154 quo
2484 4082 2593 4136 huc
2628 4083 2857 4155 appulit,
2881 4085 3154 4156 accepisse
3169 4108 3184 4138 ι
3219 4100 3274 4138 se

890 4170 1021 4210 vero
1047 4152 1117 4208 ob
1142 4152 1343 4206 nullius
1364 4154 1603 4225 gratiam
1621 4151 1767 4224 ‘velle
1791 4169 1902 4208 suoe
1927 4151 2317 4207 commissionis
2339 4153 2472 4207 fines
2497 4154 2826 4225 transgredi.

957 4233 997 4261 “
1012 4229 1089 4279 5⁰.
1130 4223 1627 4278 Excommuniones
1651 4225 1799 4277 omni
1841 4241 1966 4277 cum
2007 4224 2194 4296 rigore
2235 4241 2299 4278 ac
2323 4225 2617 4280 severitate
2639 4225 2970 4298 ampliantur
2994 4235 3159 4300 atque
3179 4227 3274 4282 mi-

888 4296 1197 4350 nistrantur
1220 4302 1417 4350 contra
1438 4294 1581 4349 cives
1618 4291 1984 4348 Dublinenses
2009 4295 2250 4368 aliosque
2275 4295 2610 4351 Catholicos.
2685 4297 2981 4369 Coguntur
3003 4305 3188 4353 autem
3209 4315 3276 4350 ne

890 4385 1129 4438 corpora
1149 4383 1339 4422 eorum
1354 4365 1597 4436 juridico
1620 4383 1884 4438 processu
1917 4366 2347 4442 prehendantur,
2377 4367 2526 4422 intra
2559 4367 2885 4423 domesticos
2908 4370 3145 4441 parietes
3167 4385 3278 4424 sese

892 4447 956 4494 ut
982 4439 1225 4510 captivos
1250 4447 1307 4492 et
1329 4438 1577 4492 notorios
1616 4437 1890 4492 maleficos
1935 4438 2234 4492 continere.
2309 4437 2572 4506 Officinoe,
2599 4439 2770 4494 cella
2793 4439 3180 4506 occluduntur,
3203 4441 3280 4494 ita

892 4517 957 4564 ut
979 4511 1140 4581 plane
1162 4509 1556 4582 prohibeantur
1579 4508 1753 4562 ullum
1775 4508 1962 4563 vinum
1987 4515 2084 4562 aut
2107 4509 2239 4564 alias
2263 4525 2471 4564 merces
2495 4511 2748 4566 vendere.

964 4589 1003 4616 ‘⁸
1022 4584 1099 4635 6⁰.
1142 4581 1429 4636 Statutum
1447 4579 1655 4635 factum
1684 4583 1740 4632 1⁰
1762 4598 1905 4633 anno
1949 4579 2288 4636 Elizabetha‘.
2314 4598 2423 4665 qua
2445 4588 2758 4636 recusantes
2783 4581 3066 4636 dominicis
3092 4581 3282 4636 diebus

894 4651 1120 4723 aliisque
1156 4651 1312 4707 festis
1350 4669 1449 4723 per
1488 4666 1712 4719 annum,
1750 4651 1807 4705 in
1846 4651 2117 4706 haereticis
2157 4652 2397 4706 ecclesiis
2438 4651 2631 4706 divinis
2669 4651 2858 4706 officiis
2897 4669 2966 4706 se‘
2991 4663 3284 4724 presentes

894 4721 1085 4776 sistere
1116 4722 1384 4792 jubentur
1436 4725 1602 4778 toties
1658 4723 1874 4795 quoties
1912 4722 2248 4776 mulctantur
2287 4723 2574 4778 duodecim
2618 4723 2852 4778 denariis
2893 4723 2980 4777 vel
3017 4727 3051 4777 2
3093 4724 3278 4778 Juliis.

894 4793 1081 4866 Atque
1122 4795 1237 4850 haec
1278 4795 1487 4850 mulcta
1526 4792 1717 4850 stricte
1756 4795 2015 4866 exigitur,
2054 4795 2133 4848 ita
2173 4803 2238 4848 ut
2277 4793 2458 4850 nullus
2486 4793 2818 4860 Catholicus,
2853 4795 3168 4868 quicunque
3193 4797 3286 4861 sit,
