3634 5842
841 722 965 785 236
1224 716 1644 781 o'suunvam
1688 732 2007 778 msronm
2051 728 2438 788 cunonem,
2468 727 2617 772 ron.
2648 725 2752 770 111.
2920 704 3055 789 [us
3100 724 3221 769 vn.

838 894 906 958 in
933 890 1272 957 Beantriam
1300 886 1621 988 improviso
1691 886 1938 964 ervenit,
1969 889 2033 949 et
2060 881 2330 960 navibus,
2362 888 2539 967 atque
2588 878 2885 966 phasellis,
2918 900 3049 963 quse
3076 900 3245 964 pree--

841 979 1099 1055 miserat,
1129 979 1194 1041 in
1221 976 1480 1041 Fuidm*
1505 976 1600 1039 ins
1666 997 1701 1038 a
1727 973 2001 1039 cohortes
2030 977 2165 1035 octo
2184 969 2459 1055 praesidio
2487 966 2773 1033 collocat:
2806 986 2987 1050 seque
3012 966 3231 1029 iterum

843 1063 1198 1131 Gorcacham
1229 1062 1495 1128 celeriter
1523 1061 1746 1146 arripit.
1808 1059 1888 1123 In
1918 1056 2131 1123 Fuidia
2158 1056 2309 1141 regii
2337 1078 2400 1120 se
2427 1054 2602 1132 vallo,
2625 1054 2899 1137 fossaque
2926 1052 3231 1117 muniunt.

843 1150 1276 1218 O'Sullevanus
1325 1149 1564 1235 navigia
1612 1146 1971 1233 conquirens
2015 1142 2167 1208 illud
2195 1142 2537 1228 praesidium
2564 1164 2600 1205 o
2642 1162 2910 1225 pugnare
2950 1138 3235 1203 decreuit.

844 1236 1098 1302 Interim
1125 1238 1274 1323 regii
1303 1236 1454 1299 duos
1501 1256 1735 1300 menses
1781 1234 1849 1297 in
1876 1230 2075 1297 insula
2122 1230 2407 1306 cunctati,
2438 1228 2513 1293 ab
2543 1164 2941 1293 OPSullevano
2970 1224 3238 1290 subsidio

843 1323 1168 1402 interclusi,
1201 1330 1262 1388 et
1286 1329 1455 1386 metu
1481 1320 1672 1387 territi
1698 1318 1955 1385 insulam
1984 1317 2338 1395 deserentes,
2359 1314 2619 1401 Eugenii
2640 1312 3019 1378 O’Sullevani
3048 1312 3239 1377 ductu

849 1410 1208 1476 Corcacham
1224 1410 1338 1475 iter
1357 1409 1618 1493 capiunt,
1643 1406 2075 1472 O'Sullevanus
2104 1408 2345 1469 secutus
2360 1399 2729 1488 fugientibus
2756 1400 2963 1465 adimit
2990 1398 3241 1485 impedi-

848 1505 1068 1575 menta,
1099 1496 1204 1562 sed
1234 1518 1456 1582 paucos
1486 1494 1722 1574 occidit,
1754 1493 1897 1579 quia
1922 1492 1962 1556 a
1988 1490 2185 1557 Caruo
2214 1512 2351 1555 cum
2380 1488 2655 1553 universo
2674 1486 2935 1552 exercitu
2964 1486 3241 1550 veniente

653 1574 833 1643 [183.]
851 1583 1068 1649 auxilio
1092 1584 1266 1671 juxta
1293 1582 1675 1653 Beantriam†
1725 1582 1971 1646 fuerunt
1998 1577 2287 1664 excepti„
2380 1575 2727 1661 Dermysius
2756 1574 2899 1638 Mac
2926 1572 3148 1638 Cartha
3176 1573 3241 1636 in

850 1670 1094 1737 Carbria
1122 1670 1458 1755 Anglorum
1487 1667 1798 1733 auxiliares
1842 1664 2161 1753 praedatur,
2193 1686 2373 1749 quem
2400 1662 2627 1750 praedas
2654 1666 2927 1746 agentem
2957 1658 3244 1746 patruelis

851 1781 998 1824 auus
1027 1757 1167 1831 Mac
1196 1756 1420 1823 Carrha
1445 1756 1678 1821 Fuscus
1727 1754 1932 1841 paucis
1960 1752 2278 1817 comitatus
2306 1749 2684 1828 nanciscitur,
2714 1756 2777 1812 et
2816 1752 3068 1833 uterque
3097 1745 3243 1811 alte-

851 1868 988 1909 rum
1016 1845 1260 1910 comiter
1289 1844 1595 1928 amplexus
1625 1840 1893 1907 dimittit.
1937 1838 2217 1913 Eundem
2246 1858 2451 1903 rursus
2478 1836 2708 1901 Fuscus
2738 1834 2957 1919 majore
2984 1834 3245 1897 militum

852 1954 1036 1996 manu
1085 1938 1421 2016 comparata
1467 1929 1866 2014 prosequitur,
1914 1924 2240 1991 missilibus
2286 1924 2519 1989 eminus
2546 1944 2811 2008 carpens.
2896 1919 3262 2005 Dermysius·

853 2020 946 2083 vir
975 2017 1207 2082 sceleris
1236 2038 1423 2102 purus
1473 2022 1790 2101 utraer
1876 2020 2062 2079 artem
2091 2012 2131 2076 a
2198 2033 2363 2097 ugna
2408 2010 2727 2087 deterrens,
2758 2014 2819 2073 et
2846 2006 3106 2072 Fuscum
3136 2028 3249 2071 no-

853 2106 1014 2168 mine
1043 2104 1342 2189 appellans
1371 2101 1446 2167 ab
1474 2103 1693 2188 ignavo
1745 2101 1824 2165 m'
1850 2102 1951 2179 ite,
1982 2097 2149 2184 plum
2192 2120 2263 2163 eo
2293 2096 2539 2183 globulo
2568 2094 2927 2174 confoditur,
2956 2095 3123 2159 triste
3154 2094 3251 2159 sui

857 2190 1209 2255 desiderium
1239 2188 1634 2254 O'Sullevano
1662 2188 2063 2271 relinquens.‡

1653 2440 2446 2455 -—-.——--——-—-———

1854 2632 2033 2698 CAP.
2076 2632 2205 2698 ΙΙΙ.

938 2803 1106 2859 Oarui
1133 2802 1374 2857 secunda
1416 2801 1722 2872 expeditio:
1752 2800 2047 2924 Dumnbleae,t
2062 2799 2273 2883 etBeoe
2298 2800 2589 2866 excidium,
2616 2798 2889 2853 Dominici
2920 2798 3184 2854 O'Oalani

1958 2889 2021 2924 ar
2047 2888 2245 2942 yrmm.

867 3035 1118 3099 hanun
1167 3032 1399 3097 Carnus
1449 3031 1640 3097 auctis
1685 3032 1874 3117 copiis
1922 3053 1993 3095 su
2036 3052 2102 3096 ra
2150 3032 2415 3116 quinque
2462 3030 2649 3096 millia
2690 3030 3001 3095 hominum
3050 3053 3255 3096 omnes

868 3118 1248 3185 O'Sullevani
1297 3120 1452 3182 vires
1498 3118 1711 3183 statuit
1759 3125 1989 3183 contun
2032 3140 2146 3197 ere,
2192 3118 2259 3183 in
2289 3118 2631 3183 Beantriam
2660 3118 3005 3204 perveniens
3033 3118 3099 3182 iu
3127 3119 3254 3182 Au-

867 3204 1023 3291 gello
1082 3203 1310 3284 Rubro,
1377 3202 1625 3287 (Gurtin
1683 3203 1849 3290 Rua)
1903 3212 2145 3289 patente
2190 3203 2441 3290 planicie
2492 3210 2956 3282 castrametatur,
3002 3204 3141 3269 inde
3190 3206 3259 3270 iu

865 3292 1146 3357 Bearram
1196 3295 1504 3377 penetrare
1549 3290 1837 3376 cogitans,
1867 3290 2205 3355 Dumbeam
2256 3290 2583 3370 castellum,
2614 3298 2676 3355 et
2703 3298 2942 3356 caeteras
2986 3290 3259 3356 O'Sulle·

867 3378 1006 3445 vani
1051 3400 1212 3443 arces
1262 3382 1696 3464 oppugnatum.
1785 3376 2218 3442 O'Sullevanus
2266 3378 2381 3443 iter
2425 3398 2721 3464 occupans
2772 3378 3131 3464 quingentos
3182 3378 3258 3444 ab

867 3466 1040 3531 hoste
1069 3486 1297 3552 passus,
1327 3465 1583 3530 tentoria
1632 3464 1765 3550 figit
1809 3464 2069 3529 militum
2098 3486 2346 3530 numero
2388 3464 2568 3551 longe
2594 3464 2854 3545 inferior,
2886 3465 2990 3530 sed
3018 3465 3261 3545 virtute,

870 3551 1072 3617 et·loci
1103 3552 1521 3617 commoditate
1547 3552 1734 3616 fretus
1762 3550 1995 3615 hostem
2044 3550 2484 3617 incursionibus
2511 3550 2804 3639 prohibet,
2836 3559 2899 3616 et
2926 3560 3261 3618 commeatu

869 3638 1233 3704 intercludit.
1279 3636 1510 3703 Carnus
1539 3659 1606 3703 se
1633 3636 1808 3717 vallo,
1838 3639 2113 3725 fossaque
2140 3639 2418 3703 muniens
2444 3660 2677 3704 menses
2707 3638 2898 3725 duos§
2930 3648 3259 3705 castrorum

870 3724 1088 3790 finibus
1137 3724 1354 3790 milites
1399 3725 1685 3804 continet,
1737 3725 1928 3790 donec
1977 3724 2243 3812 proxime
2272 3726 2346 3791 ad
2375 3726 2729 3791 maritimam
2770 3748 2935 3791 oram
2963 3726 3259 3812 applicent

871 3834 1052 3877 naves
1081 3811 1407 3877 octodecim
1435 3818 1720 3892 rostratoe,
1745 3820 1806 3877 et
1834 3818 2029 3891 rectae,
2061 3819 2123 3877 et
2150 3812 2279 3878 alise
2308 3812 2565 3878 minores
2608 3812 2909 3899 Manapia,
2939 3812 3259 3892 Oorcachfi,

873 3906 935 3963 et
963 3920 1037 3997 egr
1065 3898 1286 3984 Anglia
1313 3898 1527 3977 missae,
1557 3899 1624 3964 in
1669 3921 1815 3985 quas
1846 3900 2168 3964 exercitum
2196 3898 2540 3985 impositum
2579 3900 2753 3985 juxta
2795 3898 3129 3965 Dumbeam
3158 3922 3259 3965 ex-

873 3992 1046 4070 pomt
1101 4006 1292 4050 arcem
1351 3984 1649 4051 obsidens.
1755 3986 1934 4051 Illam
1990 3984 2277 4052 tenebant
2332 3992 2572 4051 centum
2629 3986 2843 4072 viginti
2898 3986 3126 4072 pedites
3184 3986 3259 4051 ab

907 4258 922 4271 ·
945 4189 970 4215 ·
1009 4184 1250 4260 Whiddy
1273 4186 1468 4252 island,
1493 4188 1550 4241 in
1575 4188 1790 4263 Bantry
1815 4190 1939 4262 bay,
1964 4190 2119 4245 three
2143 4190 2298 4245 miles
2322 4198 2455 4245 west
2479 4190 2545 4244 of
2562 4191 2743 4245 Banti·
2779 4229 2796 4246 .
2864 4190 3040 4247 Other
3064 4194 3261 4249 autho-

874 4264 1030 4312 rities
1054 4258 1254 4312 record
1276 4259 1348 4311 its
1371 4260 1715 4330 occupatiori,
1741 4262 1852 4316 and
1875 4261 1971 4314 the
1995 4268 2207 4315 retreat
2231 4262 2296 4315 of
2322 4263 2417 4316 the
2442 4260 2583 4316 Earl
2606 4262 2672 4315 of
2756 4262 3014 4327 homond,
3037 4265 3141 4318 but
3164 4274 3263 4320 not

875 4329 972 4383 the
995 4328 1316 4383 evacuation
1343 4330 1410 4382 of
1436 4330 1531 4384 the
1555 4331 1732 4386 island
1754 4333 1791 4386 b
1850 4332 1947 4386 the
1968 4334 2239 4404 gar-rison.

919 4470 932 4483 ·
948 4397 988 4455 'l'
1026 4400 1219 4454 Carew
1243 4401 1463 4455 arrived
1485 4402 1616 4455 with
1643 4404 1737 4457 the
1798 4421 1953 4457 orces
1986 4402 2131 4458 from
2166 4403 2335 4468 Gork,
2361 4404 2492 4476 May
2522 4407 2569 4467 1,
2602 4406 3034 4461 1602.—Pacata
3058 4406 3267 4462 Hiber-

879 4488 988 4533 nia,
1015 4470 1175 4524 Book
1198 4471 1276 4525 iii.
1295 4489 1413 4543 cap.
1442 4472 1520 4526 iii.

881 4541 1271 4665 edisnemffl
1293 4560 1404 4597 was
1443 4543 1610 4599 killed
1637 4545 1768 4617 May
1799 4548 1882 4609 13,
1915 4544 2361 4600 leoz—Pacata
2403 4544 2691 4610 Hibernia,
2730 4546 2785 4601 ii.
2808 4566 2861 4618 p.
2890 4551 3017 4603 541.
3054 4548 3267 4605 Dubliu

953 4682 982 4747 ς
1023 4680 1234 4745 Carent,
1269 4684 1565 4769 according
1587 4691 1648 4739 to
1674 4684 1757 4739 his
1800 4705 1922 4741 own
1965 4696 2217 4749 account,
2244 4706 2352 4741 was
2379 4687 2629 4741 detained
2665 4696 2723 4743 at
2763 4690 2971 4763 Bantry
2996 4692 3125 4763 only
3166 4711 3271 4748 one

883 4752 1371 4809 mouth—Pacata
1397 4755 1684 4821 Hibernia,
1708 4774 1798 4827 pp.
1828 4762 2097 4825 527,545,
2122 4760 2208 4813 vol
2228 4759 2283 4812 ii.
2314 4756 2521 4812 Dubliu
2548 4759 2679 4813 edit.
