3634 5842
931 735 1059 798 304
1332 732 1747 798 o’sunnaum
1792 751 2106 799 maroam
2149 749 2535 811 carnonam,
2577 751 2727 796 ron.
2773 749 2861 794 ιν.
3053 729 3209 815 [nm.
3257 751 3303 796 1.

1014 905 1169 970 Turn
1196 905 1406 990 ingens
1436 905 1836 973 multitudinis
1863 906 2084 973 clamor
2109 905 2328 972 aethera
2383 905 2539 985 ferit,
2569 910 2824 984 sanctos,
2847 897 2914 970 'et
2961 903 3309 970 innocentes

926 993 1164 1078 injuste,
1196 999 1256 1056 et
1284 991 1683 1058 crudelissime
1729 995 2000 1074 interfici,
2035 1015 2098 1059 se
2125 992 2608 1079 vigilantissima,
2639 990 2975 1077 pastoribus
3017 993 3309 1077 sociisque

928 1078 1281 1143 charissimis
1310 1079 1568 1165 spoliari.
1659 1079 1797 1150 Qua
1827 1081 1900 1146 de
1941 1101 2006 1145 re
2050 1080 2374 1167 perterritis
2416 1077 2891 1144 Protestantibus
2937 1076 3308 1144 Challinerus

926 1165 1164 1250 Anglus
1190 1163 1719 1231 Ministroclericus
1770 1166 2052 1232 accedens
2102 1166 2176 1232 ad
2207 1167 2547 1253 episcopum
2575 1166 2918 1250 interrogat,
2950 1169 2994 1200 “
3009 1184 3189 1250 quam
3230 1164 3308 1230 ab

928 1273 1163 1316 causam
1194 1275 1257 1316 se
1285 1250 1630 1318 damnatum
1658 1254 1844 1319 fuisse
1887 1251 2137 1340 putabat
2157 1253 2228 1317 ?”
2316 1252 2430 1317 Cui
2458 1251 2687 1317 Praesul
2717 1251 2886 1331 dixit,
2919 1257 2962 1286 “
2980 1274 3106 1318 non
3134 1252 3310 1318 aliam

926 1337 1005 1403 ob
1034 1361 1271 1404 causam
1330 1361 1392 1403 se
1460 1348 1651 1404 morte
1752 1341 1927 1420 uniri,
1987 1360 2166 1425 quam
2217 1339 2404 1419 Fidei,
2464 1345 2524 1404 et
2582 1338 2910 1425 Religionis
2965 1337 3308 1418 Catholicoe,

925 1446 1165 1512 suaeque
1192 1447 1332 1510 erga
1360 1425 1688 1492 Romanam
1774 1427 2047 1493 eclesiam
2075 1424 2486 1492 obedientiae.”
2576 1430 2620 1460 ‘⁶'
2639 1425 3120 1511 Imprudenter,”
3153 1431 3197 1462 “
3213 1426 3308 1490 in-

926 1511 1056 1596 quit
1084 1512 1457 1592 haereticus?
1487 1512 1763 1599 loqueris,
1796 1520 1858 1579 et
1899 1512 2225 1579 mortaliter
2260 1535 2468 1597 peccas
2497 1511 2564 1576 in
2611 1513 2820 1577 mortis
2865 1513 3114 1578 articulo
3141 1535 3308 1577 men·

924 1599 1146 1678 tiendo,
1176 1599 1429 1685 ideoque
1457 1622 1581 1667 non
1608 1607 1718 1680 est,
1750 1624 1857 1667 cur
1886 1623 1914 1665 s
1989 1623 2101 1680 res,
2129 1607 2193 1665 te
2209 1601 2335 1665 fore
2365 1599 2656 1664 salvum.”
2703 1601 2746 1634 “
2765 1598 2880 1664 cui
2907 1599 3306 1685 Episcopus,’'

928 1691 969 1720 “
986 1684 1270 1764 adeone?
1317 1687 1533 1773 inquit,
1587 1692 1630 1722 “
1651 1694 1721 1752 tu
1748 1623 2086 1774 Theoibegus
2117 1686 2348 1773 sapiens
2377 1708 2459 1766 cs,
2481 1691 2552 1750 ut
2580 1685 2691 1751 tibi
2718 1707 3062 1770 persuasum
3091 1685 3310 1752 habeas

924 1795 1099 1838 omne
1147 1773 1517 1838 mendacium
1562 1796 1691 1840 esse
1740 1775 1987 1840 mortale
2036 1783 2382 1860 peccatum:
2428 1773 2541 1837 etsi
2587 1771 2703 1838 hoc
2753 1795 2865 1858 ego
2915 1774 3308 1838 commiserim

922 1881 1047 1924 non
1076 1882 1202 1926 esse
1230 1859 1425 1925 adhuc
1452 1861 1810 1946 paenitentiae
1859 1860 2110 1926 locum?
2199 1859 2484 1930 Quinimo
2529 1868 2618 1938 tu,
2671 1861 2772 1945 qui
2817 1859 2972 1924 soles
3012 1861 3303 1926 mentiriS.

922 1945 1085 2012 Nam
1134 1953 1347 2034 praeter
1387 1947 1543 2012 hanc
1593 1970 1829 2014 causam
1879 1947 2032 2013 nihil
2073 1950 2271 2034 potest
2319 1946 2466 2011 mihi
2515 1945 2704 2032 culpae
2743 1945 2901 2027 duci,
2949 1947 3090 2031 quia
3143 1949 3213 2027 si,
3243 1955 3307 2013 te
3365 2019 3384 2036 Ι

922 2033 1228 2112 suadente,
1258 2035 1436 2119 regiae
1466 2041 1641 2100 sectae
1676 2035 2040 2113 assedissem,
2086 2033 2238 2099 nihil
2287 2033 2433 2098 mihi
2461 2055 2585 2098 non
2634 2033 2844 2100 fuisset
2884 2033 3305 2100 condonatum.

922 2119 1043 2184 Abi
1072 2142 1234 2185 nune
1260 2121 1325 2184 in
1370 2120 1586 2185 malam
1632 2142 1867 2186 crucem
1913 2121 2130 2186 Satane
2178 2118 2686 2184 mendacissime?
2766 2118 2922 2185 Cum
2957 2120 3034 2185 ad
3061 2122 3306 2187 tertium

921 2206 1209 2271 scalarum
1259 2207 1507 2292 gradum
1558 2208 1938 2292 pervenisset,
1987 2208 2313 2272 orationem
2363 2206 2440 2272 ad
2483 2229 2564 2293 po
2607 2205 2775 2271 ulum
2825 2207 3036 2272 statuit
3090 2207 3310 2273 habere

918 2293 1235 2378 propositis
1262 2292 1381 2357 illis
1410 2293 1553 2357 Divi
1580 2293 1753 2358 Pauli
1780 2293 2016 2372 verbis3
2066 2298 2108 2329 “
2129 2293 2194 2358 Si
2221 2292 2494 2378 Angelus
2586 2315 2619 2357 e
2647 2293 2793 2358 caelo
2823 2293 3306 2380 evangelisaverit

919 2378 1087 2444 vobis
1114 2379 1301 2458 aliter,
1333 2401 1511 2466 quam
1539 2379 1806 2459 audistis,
1834 2379 2024 2444 nolite
2051 2379 2285 2444 credere
2327 2380 2382 2444 ei
2412 2381 2574 2445 &cc
2663 2378 2960 2446 Ooeterum
2986 2381 3134 2467 regii
3163 2403 3306 2448 con-

919 2465 1140 2546 siliarii,
1169 2467 1273 2552 qui
1322 2467 1630 2532 sententiae
1674 2466 2036 2552 exequendae
2083 2465 2498 2553 praesidebant,
2551 2467 2827 2546 carnifici,
2857 2473 2930 2532 ut
2977 2469 3304 2534 orationem

916 2553 1332 2639 interrumpat,
1362 2555 1675 2640 imperant.
1927 2599 1932 2604 -

1003 2640 1137 2727 Ego
1168 2640 1408 2726 quidem
1456 2642 1753 2706 neminem
1804 2640 1983 2706 etiam
2033 2636 2377 2706 haereticum
2426 2645 2578 2724 puto
2607 2640 2790 2706 fuisse
2817 2640 2964 2706 adeo
2995 2641 3297 2721 stolidum,

918 2732 980 2792 et
1022 2727 1299 2808 inscium,
1348 2737 1420 2792 ut
1464 2749 1589 2792 non
1634 2726 1990 2793 intellexerit
2035 2726 2145 2791 hos
2193 2726 2349 2790 viros
2396 2725 2618 2812 injuste
2667 2729 2857 2813 argui,
2910 2735 2972 2793 et
3017 2728 3300 2795 damnari.

844 2841 851 2850 ·
916 2813 1195 2900 Namque
1213 2815 1471 2880 carnifex
1496 2817 1624 2901 ipse
1657 2815 1970 2879 haereticus
2019 2813 2250 2878 veniam
2301 2813 2711 2879 committendi
2761 2815 3050 2901 sacrilegii
3078 2816 3301 2902 episco-

915 2924 1061 2986 pum
1089 2908 1279 2987 rogat,
1311 2923 1490 2988 quam
1518 2901 1619 2967 ille
1646 2925 1709 2966 se
1740 2901 1879 2966 dare
1899 2899 2295 2986 placidissimo
2323 2899 2499 2965 vultu
2527 2899 2699 2966 dixit.

1005 2987 1424 3074 spectantibus
1468 2988 1583 3053 hoc
1630 3010 1909 3074 magnam
1959 2987 2408 3053 admirationem
2455 2989 2660 3068 movit,
2692 2988 2855 3074 quod
2903 2993 3094 3054 tortor
3131 2988 3302 3055 miles

914 3073 1197 3174 robustus
1223 3081 1397 3141 oetate
1424 3074 1656 3175 florens,
1690 3076 1795 3176 qui
1836 3081 2167 3174 ‘martyrum
2189 3161 2202 3174 ·
2217 3073 2512 3173 carnificio
2555 3097 2620 3176 se
2647 3076 2830 3140 vitam
2859 3076 3303 3176 redempturum

919 3161 1375 3326 iss'ssxlggss'ffi?
1373 3167 1677 3332 ittsseussiiz
1686 3159 2571 3334 ⁸2¹Z¹a13⁰350¹²331t1¹²111⁸⁰3ss¹3u3¹
2571 3161 2838 3335 {2222ss
2865 3169 3301 3316 „tbitssfi‘ssssss

917 3334 1210 3420 perfusus,
1240 3333 1393 3398 collo
1450 3355 1559 3399 suo
1618 3333 1893 3420 laqueum
1953 3334 2257 3419 imposuit,
2317 3333 2615 3401 sudariolo
2687 3336 2897 3402 faciem
2969 3337 3297 3423 cooperuit,

910 3421 1150 3507 junctas
1195 3442 1406 3485 manus
1456 3421 1713 3486 carnifici
1761 3427 1835 3485 ut
1875 3421 2242 3486 vincirentur
2286 3421 2567 3506 porrexit.
2655 3421 2735 3487 In
2783 3423 2962 3509 hujus
3009 3425 3188 3489 etiam
3215 3423 3300 3489 rei

917 3506 1483 3593 contemplationem
1512 3508 1751 3573 attoniti
1778 3505 2175 3593 rapiebantur,
2207 3507 2368 3592 quod
2412 3507 2517 3573 illa
2565 3515 2692 3574 tota
2721 3509 2846 3575 dies
2875 3517 3002 3576 erat
3029 3509 3298 3590 obscura,

916 3601 977 3662 et
992 3593 1497 3695 tenebrosissima,
1516 3593 2176 3696 nubibus-densissimis.
2191 3594 2333 3659 solis
2350 3594 2722 3679 splendorem
2748 3596 3299 3698 intercludentibus,

915 3681 2976 3856 ἒῗέἒιῗὶῗᾜὲἓθῖθῗέἒέὶῗέοῗρἪοοίῗέἔἘὲἱέωωέἔῗςᾙῗέῗὲἶὲὲῑε
3003 3683 3300 3837 ιῖἶιᾞῗὲ

914 3855 1100 3922 solem
1128 3856 1421 3942 apparuit,
1453 3875 1557 3942 per
1586 3877 1765 3941 quam
1794 3855 1886 3920 sol
1913 3855 2108 3920 radios
2137 3855 2452 3940 ejaculans,
2481 3857 2713 3937 urbem,
2735 3857 3038 3938 suburbia,
3069 3865 3132 3924 et
3159 3881 3298 3945 sup-

914 3941 1077 4030 plicii
1124 3941 1323 4008 locum
1366 3942 1680 4022 illuminat,
1728 3942 1993 4023 aedificia,
2043 3942 2354 4026 solumque
2401 3943 2656 4028 puniceo
2685 3944 2880 4010 colore
2921 3945 3299 4032 perfundens,

916 4031 1105 4116 qualis
1132 4028 1283 4094 solet
1312 4052 1438 4094 esse
1467 4029 1672 4094 solaris
1698 4029 1900 4094 radius
1927 4051 2034 4116 per
2082 4027 2331 4094 rubrum
2359 4029 2579 4096 vitrum
2621 4032 2921 4118 trajectus.
3009 4031 3077 4098 Is
3105 4032 3302 4119 fulgor

914 4115 2107 4288 ffississsstsspssssifflffifflfffflffi
2149 4116 2507 4268 333⁰&ss
2537 4117 2794 4270 ἓξὲξ
2789 4119 2961 4272 ffii'uJ
2958 4119 3302 4272 ’1.ζέἓὲἒί

913 4291 1151 4378 plagam
1181 4289 1271 4355 sol
1297 4289 1493 4355 radios
1520 4289 1807 4370 emittere,
1839 4288 2162 4354 similemve
2191 4289 2384 4354 lucem
2414 4289 2744 4357 diffundere
2770 4293 2934 4358 visus
2963 4299 3072 4360 est.
3145 4291 3299 4358 Cum

914 4379 1053 4444 vero
1103 4378 1415 4463 episcopus
1460 4375 1535 4440 de
1585 4376 1756 4442 scalis
1809 4375 2234 4455 devolveretur,
2284 4376 2358 4442 ad
2408 4377 2718 4462 pristinam
2768 4379 3208 4459 obscuritatem,
3239 4385 3300 4444 et

912 4465 1217 4530 tristitiam
1247 4463 1372 4529 dies
1400 4461 1642 4550 repente
1668 4463 2004 4529 revertitur.
2065 4465 2334 4528 Antiates
2361 4463 2519 4529 inter
2547 4488 2648 4530 sus
2691 4465 3045 4546 endendum,
3065 4467 3300 4532 nullum

913 4550 1245 4617 membrum
1292 4552 1522 4636 impetu
1562 4551 1826 4637 agitavit.
1917 4549 2246 4616 Semivivus
2292 4573 2328 4615 a
2375 4557 2598 4617 tortore
2667 4553 2915 4618 emissus
2943 4575 2980 4618 a
3007 4553 3172 4619 furca
3199 4555 3302 4619 vix

914 4639 1031 4702 fuit
1058 4640 1249 4724 capite
1274 4643 1606 4718 truncatus,
1634 4660 1770 4703 cum
1798 4635 1950 4704 illud
1977 4637 2189 4724 aliquis
2239 4637 2494 4703 Ibernus
2522 4640 2737 4725 rapuit,
2768 4639 2872 4725 qui
2899 4642 2964 4705 in
2991 4641 3298 4707 confertis·

916 4725 1125 4789 simam
1152 4746 1395 4790 suorum
1424 4723 1864 4791 Gatholicorum
1893 4723 2134 4790 turbam
2163 4745 2289 4790 sese
2317 4722 2558 4804 abdens,
2590 4724 2861 4805 elabitur,
2892 4749 3002 4793 nec
3033 4749 3300 4814 unquam

914 4810 1030 4878 suit
1056 4817 1343 4896 repertus,
1374 4818 1479 4876 aut
1506 4812 1782 4898 cognitus
1812 4812 2081 4897 quamvis
2097 4833 2306 4896 prorex
2331 4811 2573 4877 delatori
2593 4814 2970 4898 proposuerit
2984 4815 3300 4900 praemium
