3634 5842
905 742 1029 802 328
1322 738 1738 803 o’sunnnvam
1780 757 2098 804 mercum
2142 757 2529 817 cunonem,
2558 756 2708 803 rou.
2741 757 2828 801 ιν.
3011 736 3173 822 [ns.
3219 758 3292 803 11.

904 907 1047 974 alias
1096 932 1132 974 a
1176 933 1239 975 se
1289 908 1539 996 probati,
1592 917 1699 976 aut
1748 915 2047 978 senatores
2089 912 2360 998 judicati,
2413 910 2508 976 vel
2555 909 2933 996 pronunciati
2982 909 3289 977 dicantur:

904 996 1173 1081 quinimo
1202 997 1253 1062 si
1282 997 1355 1062 de
1402 997 1687 1083 religione
1722 1006 1878 1062 esset
1927 998 2382 1078 decernendum,
2427 997 2562 1063 illos
2605 996 2950 1082 illegitimos
2993 1003 3292 1063 senatores

900 1085 1370 1235 Ξίῗίἕὲἓὲἐξ
1391 1083 3292 1238 {33⁰3}{ffigb‘iiussmffmffissffmflffissffiffizss?

898 1253 1190 1321 braturoS.
1279 1257 1379 1322 Ita
1406 1220 1544 1322 cuni
1571 1257 1666 1322 his
1708 1258 2001 1324 haereticis
2028 1195 2784 1344 anbsgtrisecparlamentum
2831 1257 3050 1342 agitur,
3079 1260 3143 1322 in
3173 1279 3292 1344 quo

898 1348 959 1406 et
1008 1341 1059 1406 si
1104 1343 1257 1408 nihil
1300 1349 1506 1412 contra
1548 1344 1725 1408 fidem
1776 1344 1956 1430 plane
2005 1345 2322 1410 diffinitum
2369 1349 2478 1422 est,
2508 1343 2662 1408 nihil
2705 1349 2906 1408 tamen
2956 1345 3144 1430 pium,
3189 1352 3294 1409 aut

898 1437 1171 1494 sanctum
1198 1430 1317 1495 fuit
1344 1431 1757 1496 constit-utum.
1848 1431 2020 1518 Regi,
2053 1430 2215 1518 quod
2242 1432 2419 1498 fuerit
2448 1452 2656 1517 passus
2682 1431 2748 1495 in
2819 1430 3142 1496 arlamento
3171 1454 3293 1496 non

896 1515 995 1600 agi
1024 1515 1099 1582 de
1124 1516 1428 1602 religione,
1478 1519 1691 1603 ingens
1739 1519 2007 1604 pecuniae
2057 1541 2288 1584 summa
2332 1517 2685 1583 decernitur.
2855 1516 3041 1596 Nelli,
3087 1515 3291 1583 O’Do-

898 1601 1061 1680 nelli,
1093 1609 1155 1667 et
1183 1604 1433 1670 aliorum
1478 1604 1922 1670 Catholicorum
1972 1605 2228 1671 ditiones
2278 1604 2354 1671 ab
2405 1604 2695 1669 haereticis
2737 1603 2881 1668 fisco
2911 1602 3292 1684 addicuntur,

898 1687 1220 1756 Catholicis
1272 1691 1642 1756 senatoribus
1698 1689 2103 1770 tacentibus*
2157 1694 2291 1779 ipso
2347 1692 2530 1756 tacito
2587 1697 2744 1755 nutu
2798 1690 3294 1776 proscriptionem

898 1775 1060 1841 illam
1108 1777 1563 1843 infirmantibus.
1652 1778 2100 1864 Proscriptioni,
2155 1777 2311 1858 verb,
2343 1776 2437 1842 vel
2465 1777 2870 1842 confiscationi
2896 1798 3047 1842 num
3073 1785 3230 1843 esset
3257 1800 3295 1843 a

899 1861 1220 1928 Catholicis
1269 1864 1735 1950 parlamentariis
1780 1865 2285 1951 repugnandum?
2331 1863 2552 1950 duplex
2581 1870 2706 1928 erat
2732 1869 3073 1928 nostrorum
3101 1887 3292 1930 saeer-

898 1949 1110 2015 dotum
1162 1950 1381 2037 opinio.
1471 1949 1609 2022 Qua
1657 1951 1724 2015 in
1769 1973 1835 2016 re
1927 1973 2020 2017 ars
2070 1952 2235 2039 pejor
2283 1951 2585 2016 meliorem
2633 1950 2817 2015 vicit:
2861 1972 3004 2015 nam
3030 1949 3293 2016 obtinuit

898 2058 1122 2116 eorum,
1174 2039 1486 2116 sententia,
1536 2037 1637 2122 qui
1682 1975 2023 2105 asserelliant
2067 2061 2177 2125 pro
2207 2037 2548 2103 conditione
2573 2035 2856 2122 temporis
2884 2038 3149 2122 potuisse
3176 2038 3288 2104 Ca-

896 2122 1151 2188 tholicos
1201 2131 1499 2188 senatores
1548 2125 1968 2210 proscriptioni
2016 2147 2141 2190 non
2187 2126 2492 2191 resistere:
2541 2123 2703 2210 quod
2742 2124 2867 2209 jam
2895 2125 3290 2210 possessiones

896 2207 1013 2274 illae
1044 2210 1165 2274 suis
1196 2209 1451 2275 dominis
1480 2211 1725 2275 fuerunt
1751 2209 2060 2296 ademptae,
2093 2218 2154 2277 et
2183 2233 2217 2277 a
2244 2233 2385 2297 rege
2413 2217 2734 2296 occupatae,
2782 2215 2844 2275 et
2892 2210 3044 2276 nihil
3093 2211 3292 2297 potuit

899 2293 1135 2360 obstare
1190 2296 1564 2381 proscriptio,
1625 2295 1746 2383 qub
1796 2297 1994 2362 minus
2041 2298 2105 2362 hi
2157 2304 2354 2362 essent
2401 2296 2774 2376 restituendi,
2843 2296 2969 2362 uod
3009 2319 3132 2362 non
3173 2296 3288 2363 nisi

894 2379 1180 2447 beneficio
1210 2382 1387 2467 regis,
1420 2381 1513 2447 vel
1542 2384 1720 2448 armis
1738 2383 2091 2463 faciendum,
2115 2383 2504 2450 credebatur:
2553 2389 2614 2449 et
2643 2405 2755 2449 con
2852 2383 3147 2449 tissimum
3173 2385 3290 2450 fuit

895 2468 1021 2554 regi
1050 2491 1329 2549 annuere,
1360 2469 1480 2555 quo
1508 2469 1661 2534 foret
1687 2471 1755 2534 iu
1782 2469 2120 2535 Catholicos
2146 2471 2366 2536 mitior.
2438 2469 2618 2542 Quod
2649 2471 2767 2536 nisi
2793 2469 2868 2535 ab
2899 2471 3011 2536 hac
3036 2471 3291 2536 factione

894 2555 1267 2621 sacerdotum
1316 2556 1782 2642 persuaderetur,
1835 2555 2128 2623 Catholici
2169 2556 2625 2644 parlamentarii,
2671 2579 2788 2642 qua
2815 2565 2958 2623 sunt
2983 2557 3288 2644 religione,

937 2643 1315 2728 rescriptioni
1341 2642 1703 2709 intercedere
1733 2651 2123 2710 conarentur:
2172 2643 2667 2730 quemadmodum
2687 2643 2870 2710 altera
2891 2645 3070 2711 factio
3099 2666 3288 2711 sacer-

692 2730 875 2800 [aba]
941 2733 1108 2795 otum
1130 2729 1587 2813 contendebat„

1503 2991 2414 3004 *uae———ffl
2427 2991 2535 2997 ‹——
2555 2989 2636 2997 ..α-.-

1921 3272 2102 3338 ΟΔΡ.
2149 3271 2268 3337 ΙΧ.

1214 3466 1229 3480 ⁸
1253 3488 1575 3544 Tuamsnsis
1596 3487 2012 3560 Archiepiscopi
2037 3489 2268 3560 epistola
2291 3496 2487 3543 contra
2509 3487 2964 3543 confiscationem.

896 3705 957 3768 A
1004 3701 1309 3768 Florentio
1360 3697 1772 3766 O’Melconrio
1823 3696 2044 3764 Iberno
2085 3698 2350 3766 'Puemiae
2375 3697 2838 3784 Archiepiscopo
2889 3696 3286 3764 Ranciscano

894 3789 1169 3876 religioso
1222 3786 1350 3853 viro
1399 3784 1575 3872 plane
1625 3785 1801 3851 docto
1847 3786 2067 3870 scripta
2109 3785 2227 3851 fuit
2277 3807 2351 3850 ex
2401 3784 2697 3872 Hispania
2741 3785 2808 3849 -in
2859 3783 3162 3851 Iberniam
3211 3785 3288 3851 ad

894 3878 1152 3942 amicum
1181 3872 1542 3940 sacerdotem
1571 3871 1838 3959 epistola,
1857 3893 1977 3956 qua
1990 3873 2214 3958 proscri
2259 3873 2344 3937 tio
2371 3871 2468 3936 vel
2495 3871 2836 3937 confiscatio
2863 3870 2966 3937 illa
2995 3869 3286 3937 bonorum

892 3961 1335 4030 Catholieorum
1360 3959 1602 4046 injusta,
1634 3965 1695 4024 et
1764 3960 2131 4024 eccaminosa
2157 3895 2534 4024 vffidissimis
2562 3957 2930 4043 argumentis
2956 3957 3280 4043 probatur:

894 4072 965 4115 ea
989 4049 1107 4116 fuit
1136 4048 1327 4113 alieno
1356 4047 1616 4126 nomine,
1636 4052 1699 4111 et
1792 4045 1804 4058 “
1839 4067 1995 4131 pano
2013 4067 2282 4111 sermone
2300 4049 2534 4110 exarata
2561 4042 3024 4110 authoritatibus
3049 4051 3286 4111 tantum

892 4158 1084 4288 ruffi
1090 4135 1365 4286 ‘pagii-'iga
1362 4132 1577 4199 Latine
1622 4131 1835 4200 allatis.
1923 4131 2024 4197 Ita
2055 4131 2301 4197 latinam
2349 4153 2462 4197 nos
2503 4129 2667 4199 illam
2692 4131 2961 4212 fecimus,
2983 4131 3284 4198 sententia

894 4246 935 4288 n
1085 4237 1109 4288 ι’
1135 4243 1242 4286 mu
1386 4248 1400 4286 z

966 4401 1118 4464 Tuas
1141 4408 1359 4463 litteras
1383 4407 1469 4461 die
1494 4406 1756 4479 vigesimo
1781 4414 1981 4476 quarto
2007 4404 2329 4460 Decembris
2355 4403 2425 4457 ad
2449 4420 2536 4458 me
2561 4403 2717 4492 datas
2741 4401 2958 4473 accepig
3001 4401 3198 4472 quibus
3213 4399 3280 4453 de

962 4615 987 4642 *
1030 4613 1122 4667 Sir
1164 4611 1312 4667 John
1356 4611 1631 4677 Everard,
1673 4610 1769 4666 the
1807 4610 1994 4666 leader-
2033 4611 2100 4665 of
2133 4611 2229 4665 the
2274 4609 2526 4665 catholic
2567 4617 2728 4683 party
2768 4609 2824 4662 in
2849 4607 2943 4663 the
2969 4607 3285 4674 Commoris,

884 4684 1085 4740 moved
1113 4683 1202 4738 the
1224 4682 1323 4736 bill
1346 4682 1434 4737 for
1478 4682 1832 4766 confiscating
1873 4685 2108 4745 800,000
2153 4681 2405 4736 Oatbolic
2448 4697 2604 4734 acres
2637 4681 2692 4734 in
2717 4680 2800 4734 six
2824 4679 3072 4734 enunties
3095 4679 3152 4734 iu
3179 4679 3281 4734 Ul-

891 4763 1041 4821 ster3
1080 4753 1189 4808 aud
1211 4753 1281 4826 by
1303 4752 1416 4807 this
1440 4753 1668 4808 suicidal
1691 4753 1893 4825 pohey,
1918 4752 2246 4810 established
2271 4752 2364 4806 the
2389 4751 2718 4822 ascendancy
2743 4749 2950 4805 fat-tion
2977 4748 3156 4805 which
3183 4751 3281 4804 bas

892 4843 1017 4882 ever
1042 4823 1189 4878 since
1210 4825 1489 4894 governed
1513 4825 1606 4878 the
1630 4831 1884 4895 country.
