<?xml version="1.0" encoding="UTF-8"?>
<!DOCTYPE html PUBLIC "-//W3C//DTD XHTML 1.0 Transitional//EN"
    "http://www.w3.org/TR/xhtml1/DTD/xhtml1-transitional.dtd">
<html xmlns="http://www.w3.org/1999/xhtml" xml:lang="en" lang="en">
 <head>
  <title>
</title>
<meta http-equiv="Content-Type" content="text/html;charset=utf-8" />
  <meta name='ocr-system' content='tesseract 3.04.00' />
  <meta name='ocr-capabilities' content='ocr_page ocr_carea ocr_par ocr_line ocrx_word'/>
</head>
<body>
  <div class='ocr_page' id='page_1' title='image "./historicatholic00kellgoog_0026.png"; bbox 0 0 3634 5842; ppageno 0'>
   <div class='ocr_carea' id='block_1_1' title="bbox 863 758 2341 825">
    <p class='ocr_par' dir='ltr' id='par_1_1' title="bbox 863 758 2341 825">
     <span class='ocr_line' id='line_1_1' title="bbox 863 758 2341 825; baseline 0.003 -4"><span class='ocrx_word' id='word_1_1' title='bbox 863 758 984 822; x_wconf 83' lang='lat' dir='ltr'><strong>xxii</strong></span> <span class='ocrx_word' id='word_1_2' title='bbox 1802 777 2008 823; x_wconf 59' lang='lat' dir='ltr'><strong>ntum(</strong></span> <span class='ocrx_word' id='word_1_3' title='bbox 2042 779 2341 825; x_wconf 64' lang='lat' dir='ltr'><strong>currum.</strong></span> 
     </span>
    </p>
   </div>
   <div class='ocr_carea' id='block_1_2' title="bbox 1657 1016 2455 1085">
    <p class='ocr_par' dir='ltr' id='par_1_2' title="bbox 1657 1016 2455 1085">
     <span class='ocr_line' id='line_1_2' title="bbox 1657 1016 2455 1085; baseline 0.003 -2"><span class='ocrx_word' id='word_1_4' title='bbox 1657 1016 1880 1085; x_wconf 79' lang='lat' dir='ltr'><strong>&#39;rom</strong></span> <span class='ocrx_word' id='word_1_5' title='bbox 1922 1017 1979 1083; x_wconf 91' lang='grc' dir='ltr'><strong>Ι.</strong></span> <span class='ocrx_word' id='word_1_6' title='bbox 2021 1017 2287 1084; x_wconf 85' lang='lat' dir='ltr'>LIBER</span> <span class='ocrx_word' id='word_1_7' title='bbox 2328 1019 2455 1085; x_wconf 92' lang='lat' dir='ltr'>III.</span> 
     </span>
    </p>
   </div>
   <div class='ocr_carea' id='block_1_3' title="bbox 1209 1217 2901 1280">
    <p class='ocr_par' dir='ltr' id='par_1_3' title="bbox 1209 1217 2901 1280">
     <span class='ocr_line' id='line_1_3' title="bbox 1209 1217 2901 1280; baseline 0.004 -15"><span class='ocrx_word' id='word_1_8' title='bbox 1209 1221 1294 1266; x_wconf 68' lang='lat' dir='ltr'><strong>DE.</strong></span> <span class='ocrx_word' id='word_1_9' title='bbox 1323 1217 1701 1266; x_wconf 66' lang='lat' dir='ltr'><strong>amolum</strong></span> <span class='ocrx_word' id='word_1_10' title='bbox 1728 1219 2559 1280; x_wconf 71' lang='lat' dir='ltr'><strong>omem,N0131L1·rA·rn‚m</strong></span> <span class='ocrx_word' id='word_1_11' title='bbox 2587 1221 2901 1271; x_wconf 65' lang='lat' dir='ltr'><strong>emolu.</strong></span> 
     </span>
    </p>
   </div>
   <div class='ocr_carea' id='block_1_4' title="bbox 1039 1316 3259 1454">
    <p class='ocr_par' dir='ltr' id='par_1_4' title="bbox 1039 1316 3259 1454">
     <span class='ocr_line' id='line_1_4' title="bbox 1039 1316 3259 1454; baseline 0 -30"><span class='ocrx_word' id='word_1_12' title='bbox 1039 1369 1214 1425; x_wconf 80' lang='lat' dir='ltr'>oAP.</span> <span class='ocrx_word' id='word_1_13' title='bbox 1330 1368 1380 1423; x_wconf 93' lang='grc' dir='ltr'><strong>Ι.</strong></span> <span class='ocrx_word' id='word_1_14' title='bbox 1419 1367 1653 1424; x_wconf 80' lang='lat' dir='ltr'><strong>Veteres</strong></span> <span class='ocrx_word' id='word_1_15' title='bbox 1678 1367 1864 1424; x_wconf 86' lang='lat' dir='ltr'><strong>Iberni</strong></span> <span class='ocrx_word' id='word_1_16' title='bbox 1888 1368 2033 1424; x_wconf 84' lang='lat' dir='ltr'><strong>unde</strong></span> <span class='ocrx_word' id='word_1_17' title='bbox 2048 1385 2236 1454; x_wconf 75' lang='lat' dir='ltr'><strong>genus</strong></span> <span class='ocrx_word' id='word_1_18' title='bbox 2243 1369 2474 1424; x_wconf 78' lang='lat' dir='ltr'><strong>trahunt</strong></span> <span class='ocrx_word' id='word_1_19' title='bbox 2490 1377 2514 1423; x_wconf 68' lang='lat' dir='ltr'><strong>i*</strong></span> <span class='ocrx_word' id='word_1_20' title='bbox 2680 1403 2703 1415; x_wconf 91' lang='lat'>-</span> <span class='ocrx_word' id='word_1_21' title='bbox 2984 1405 3009 1417; x_wconf 88' lang='lat'><strong>·</strong></span> <span class='ocrx_word' id='word_1_22' title='bbox 3106 1316 3259 1426; x_wconf 53' lang='lat' dir='ltr'><strong>agg</strong></span> 
     </span>
    </p>
   </div>
   <div class='ocr_carea' id='block_1_5' title="bbox 1262 1438 3259 1585">
    <p class='ocr_par' dir='ltr' id='par_1_5' title="bbox 1262 1438 3259 1585">
     <span class='ocr_line' id='line_1_5' title="bbox 1301 1438 3259 1497; baseline -0.001 0"><span class='ocrx_word' id='word_1_23' title='bbox 1301 1440 1753 1497; x_wconf 79' lang='lat' dir='ltr'><strong>11.1bernomm</strong></span> <span class='ocrx_word' id='word_1_24' title='bbox 1777 1438 1995 1494; x_wconf 66' lang='lat' dir='ltr'><strong>familie</strong></span> <span class='ocrx_word' id='word_1_25' title='bbox 2013 1447 2071 1494; x_wconf 86' lang='lat' dir='ltr'><strong>et</strong></span> <span class='ocrx_word' id='word_1_26' title='bbox 2091 1441 2315 1495; x_wconf 85' lang='lat' dir='ltr'><strong>nomina</strong></span> <span class='ocrx_word' id='word_1_27' title='bbox 2381 1473 2406 1486; x_wconf 89' lang='grc'>-</span> <span class='ocrx_word' id='word_1_28' title='bbox 3080 1461 3084 1466; x_wconf 74' lang='grc'>’</span> <span class='ocrx_word' id='word_1_29' title='bbox 3190 1447 3259 1496; x_wconf 79' lang='grc'><strong>38</strong></span> 
     </span>
     <span class='ocr_line' id='line_1_6' title="bbox 1262 1476 3259 1585; baseline 0.002 -19"><span class='ocrx_word' id='word_1_30' title='bbox 1262 1510 1380 1567; x_wconf 95' lang='grc' dir='ltr'>ῙΙΙ.</span> <span class='ocrx_word' id='word_1_31' title='bbox 1420 1511 1748 1566; x_wconf 85' lang='lat' dir='ltr'><strong>Ibernorum</strong></span> <span class='ocrx_word' id='word_1_32' title='bbox 1771 1511 2041 1583; x_wconf 81' lang='lat' dir='ltr'><strong>principes</strong></span> <span class='ocrx_word' id='word_1_33' title='bbox 2064 1512 2151 1566; x_wconf 78' lang='lat' dir='ltr'><strong>vel</strong></span> <span class='ocrx_word' id='word_1_34' title='bbox 2174 1512 2324 1566; x_wconf 88' lang='lat' dir='ltr'><strong>tituli</strong></span> <span class='ocrx_word' id='word_1_35' title='bbox 2346 1519 2445 1567; x_wconf 72' lang='lat' dir='ltr'><strong>sut</strong></span> <span class='ocrx_word' id='word_1_36' title='bbox 2469 1512 2762 1585; x_wconf 69' lang='lat' dir='ltr'><strong>dignitates</strong></span> <span class='ocrx_word' id='word_1_37' title='bbox 2786 1476 3071 1569; x_wconf 61' lang='lat' dir='ltr'><strong>saculares</strong></span> <span class='ocrx_word' id='word_1_38' title='bbox 3188 1518 3259 1568; x_wconf 78' lang='lat'><strong>84</strong></span> 
     </span>
    </p>
   </div>
   <div class='ocr_carea' id='block_1_6' title="bbox 1271 1582 3263 1724">
    <p class='ocr_par' dir='ltr' id='par_1_6' title="bbox 1271 1582 3263 1724">
     <span class='ocr_line' id='line_1_7' title="bbox 1271 1582 3013 1668; baseline 0 -28"><span class='ocrx_word' id='word_1_39' title='bbox 1271 1582 1376 1640; x_wconf 85' lang='lat' dir='ltr'>IV.</span> <span class='ocrx_word' id='word_1_40' title='bbox 1419 1582 1746 1638; x_wconf 85' lang='lat' dir='ltr'><strong>Ibernorum</strong></span> <span class='ocrx_word' id='word_1_41' title='bbox 1781 1591 2106 1667; x_wconf 76' lang='lat' dir='ltr'><strong>magnatum</strong></span> <span class='ocrx_word' id='word_1_42' title='bbox 2136 1583 2505 1668; x_wconf 75' lang='lat' dir='ltr'><strong>inauguratio,</strong></span> <span class='ocrx_word' id='word_1_43' title='bbox 2528 1592 2585 1638; x_wconf 88' lang='lat' dir='ltr'><strong>et</strong></span> <span class='ocrx_word' id='word_1_44' title='bbox 2608 1586 2755 1656; x_wconf 84' lang='lat' dir='ltr'><strong>apud</strong></span> <span class='ocrx_word' id='word_1_45' title='bbox 2778 1603 2871 1639; x_wconf 87' lang='lat' dir='ltr'><strong>eos</strong></span> <span class='ocrx_word' id='word_1_46' title='bbox 2896 1603 3013 1640; x_wconf 80' lang='lat' dir='ltr'><strong>esse</strong></span> 
     </span>
     <span class='ocr_line' id='line_1_8' title="bbox 1509 1653 3263 1724; baseline 0.003 -18"><span class='ocrx_word' id='word_1_47' title='bbox 1509 1670 1680 1708; x_wconf 83' lang='lat' dir='ltr'><strong>novos</strong></span> <span class='ocrx_word' id='word_1_48' title='bbox 1703 1653 1936 1708; x_wconf 77' lang='lat' dir='ltr'><strong>aliarum</strong></span> <span class='ocrx_word' id='word_1_49' title='bbox 1958 1653 2205 1724; x_wconf 79' lang='lat' dir='ltr'><strong>gentium</strong></span> <span class='ocrx_word' id='word_1_50' title='bbox 2230 1654 2422 1710; x_wconf 85' lang='lat' dir='ltr'><strong>titulos</strong></span> <span class='ocrx_word' id='word_1_51' title='bbox 3135 1655 3263 1711; x_wconf 70' lang='lat' dir='ltr'><strong>ibid.</strong></span> 
     </span>
    </p>
   </div>
   <div class='ocr_carea' id='block_1_7' title="bbox 1313 1723 3019 1871">
    <p class='ocr_par' dir='ltr' id='par_1_7' title="bbox 1313 1723 3019 1871">
     <span class='ocr_line' id='line_1_9' title="bbox 1313 1723 3017 1812; baseline 0.004 -35"><span class='ocrx_word' id='word_1_52' title='bbox 1313 1724 1389 1780; x_wconf 90' lang='lat' dir='ltr'>V.</span> <span class='ocrx_word' id='word_1_53' title='bbox 1425 1723 1538 1778; x_wconf 78' lang='lat' dir='ltr'><strong>Hie</strong></span> <span class='ocrx_word' id='word_1_54' title='bbox 1565 1725 1892 1780; x_wconf 83' lang='lat' dir='ltr'><strong>Ibernorum</strong></span> <span class='ocrx_word' id='word_1_55' title='bbox 1915 1723 2206 1779; x_wconf 82' lang='lat' dir='ltr'><strong>titulorum</strong></span> <span class='ocrx_word' id='word_1_56' title='bbox 2231 1741 2364 1780; x_wconf 85' lang='lat' dir='ltr'><strong>usus</strong></span> <span class='ocrx_word' id='word_1_57' title='bbox 2387 1725 2533 1797; x_wconf 85' lang='lat' dir='ltr'><strong>apud</strong></span> <span class='ocrx_word' id='word_1_58' title='bbox 2556 1726 2691 1781; x_wconf 79' lang='lat' dir='ltr'><strong>alias</strong></span> <span class='ocrx_word' id='word_1_59' title='bbox 2712 1733 2904 1812; x_wconf 78' lang='lat' dir='ltr'><strong>gentes</strong></span> <span class='ocrx_word' id='word_1_60' title='bbox 2926 1745 3017 1783; x_wconf 81' lang='lat' dir='ltr'><strong>ve·</strong></span> 
     </span>
     <span class='ocr_line' id='line_1_10' title="bbox 1502 1794 3019 1871; baseline 0.003 -22"><span class='ocrx_word' id='word_1_61' title='bbox 1502 1794 1829 1850; x_wconf 77' lang='lat' dir='ltr'><strong>tustissimas</strong></span> <span class='ocrx_word' id='word_1_62' title='bbox 1864 1794 2031 1850; x_wconf 78' lang='lat' dir='ltr'><strong>fuisse</strong></span> <span class='ocrx_word' id='word_1_63' title='bbox 2070 1796 2357 1868; x_wconf 72' lang='lat' dir='ltr'><strong>probatur,</strong></span> <span class='ocrx_word' id='word_1_64' title='bbox 2398 1805 2645 1852; x_wconf 83' lang='lat' dir='ltr'><strong>veterum</strong></span> <span class='ocrx_word' id='word_1_65' title='bbox 2686 1798 3019 1871; x_wconf 84' lang='lat' dir='ltr'><strong>scriptorum</strong></span> 
     </span>
    </p>
   </div>
   <div class='ocr_carea' id='block_1_8' title="bbox 1245 1867 3266 2070">
    <p class='ocr_par' dir='ltr' id='par_1_8' title="bbox 1245 1867 3266 2070">
     <span class='ocr_line' id='line_1_11' title="bbox 1509 1867 3265 1923; baseline -0.003 -2"><span class='ocrx_word' id='word_1_66' title='bbox 1509 1867 1838 1921; x_wconf 72' lang='lat' dir='ltr'><strong>testimoniis</strong></span> <span class='ocrx_word' id='word_1_67' title='bbox 2382 1901 2405 1913; x_wconf 93' lang='lat'><em>-</em></span> <span class='ocrx_word' id='word_1_68' title='bbox 2688 1903 2713 1916; x_wconf 93' lang='lat'>-</span> <span class='ocrx_word' id='word_1_69' title='bbox 2994 1905 3012 1916; x_wconf 92' lang='lat'>.</span> <span class='ocrx_word' id='word_1_70' title='bbox 3194 1873 3265 1923; x_wconf 76' lang='lat'><strong>35</strong></span> 
     </span>
     <span class='ocr_line' id='line_1_12' title="bbox 1276 1935 3266 1995; baseline 0.003 -5"><span class='ocrx_word' id='word_1_71' title='bbox 1276 1936 1388 1991; x_wconf 90' lang='lat' dir='ltr'>VI.</span> <span class='ocrx_word' id='word_1_72' title='bbox 1425 1935 1516 1992; x_wconf 87' lang='lat' dir='ltr'><strong>De</strong></span> <span class='ocrx_word' id='word_1_73' title='bbox 1539 1935 1714 1992; x_wconf 78' lang='lat' dir='ltr'><strong>Novis</strong></span> <span class='ocrx_word' id='word_1_74' title='bbox 1739 1937 1955 1994; x_wconf 83' lang='lat' dir='ltr'><strong>Ibernis</strong></span> <span class='ocrx_word' id='word_1_75' title='bbox 2076 1971 2099 1983; x_wconf 91' lang='lat'>-</span> <span class='ocrx_word' id='word_1_76' title='bbox 2383 1972 2406 1984; x_wconf 91' lang='lat'>-</span> <span class='ocrx_word' id='word_1_77' title='bbox 2690 1975 2711 1988; x_wconf 84' lang='lat'>.</span> <span class='ocrx_word' id='word_1_78' title='bbox 2998 1977 3020 1988; x_wconf 92' lang='lat'>-</span> <span class='ocrx_word' id='word_1_79' title='bbox 3195 1943 3266 1995; x_wconf 79' lang='lat'><strong>36</strong></span> 
     </span>
     <span class='ocr_line' id='line_1_13' title="bbox 1245 2007 3265 2070; baseline 0.002 -9"><span class='ocrx_word' id='word_1_80' title='bbox 1245 2007 1388 2063; x_wconf 90' lang='lat' dir='ltr'>VII.</span> <span class='ocrx_word' id='word_1_81' title='bbox 1433 2008 1521 2063; x_wconf 86' lang='lat' dir='ltr'><strong>De</strong></span> <span class='ocrx_word' id='word_1_82' title='bbox 1546 2008 1875 2064; x_wconf 85' lang='lat' dir='ltr'><strong>Ibernorum</strong></span> <span class='ocrx_word' id='word_1_83' title='bbox 1899 2025 2147 2064; x_wconf 78' lang='lat' dir='ltr'><strong>sermone</strong></span> <span class='ocrx_word' id='word_1_84' title='bbox 2384 2044 2405 2056; x_wconf 89' lang='lat'><em>-</em></span> <span class='ocrx_word' id='word_1_85' title='bbox 2691 2047 2714 2059; x_wconf 91' lang='lat'><em>-</em></span> <span class='ocrx_word' id='word_1_86' title='bbox 2996 2049 3017 2060; x_wconf 86' lang='lat'><em>-</em></span> <span class='ocrx_word' id='word_1_87' title='bbox 3194 2013 3265 2070; x_wconf 78' lang='lat'><strong>37</strong></span> 
     </span>
    </p>
   </div>
   <div class='ocr_carea' id='block_1_9' title="bbox 1676 2219 2464 2288">
    <p class='ocr_par' dir='ltr' id='par_1_9' title="bbox 1676 2219 2464 2288">
     <span class='ocr_line' id='line_1_14' title="bbox 1676 2219 2464 2288; baseline 0.004 -3"><span class='ocrx_word' id='word_1_88' title='bbox 1676 2219 1898 2285; x_wconf 83' lang='grc' dir='ltr'>ΤΟΜΙ</span> <span class='ocrx_word' id='word_1_89' title='bbox 1943 2220 1997 2285; x_wconf 95' lang='grc' dir='ltr'><strong>Ι.</strong></span> <span class='ocrx_word' id='word_1_90' title='bbox 2042 2220 2305 2287; x_wconf 81' lang='lat' dir='ltr'>LIBER</span> <span class='ocrx_word' id='word_1_91' title='bbox 2347 2221 2464 2288; x_wconf 89' lang='lat' dir='ltr'>IV.</span> 
     </span>
    </p>
   </div>
   <div class='ocr_carea' id='block_1_10' title="bbox 1345 2414 2793 2466">
    <p class='ocr_par' dir='ltr' id='par_1_10' title="bbox 1345 2414 2793 2466">
     <span class='ocr_line' id='line_1_15' title="bbox 1345 2414 2793 2466; baseline 0 -4"><span class='ocrx_word' id='word_1_92' title='bbox 1345 2417 1430 2462; x_wconf 75' lang='lat' dir='ltr'><strong>DE</strong></span> <span class='ocrx_word' id='word_1_93' title='bbox 1459 2415 1839 2461; x_wconf 65' lang='lat' dir='ltr'><strong>mumolum</strong></span> <span class='ocrx_word' id='word_1_94' title='bbox 1868 2414 2153 2462; x_wconf 71' lang='lat' dir='ltr'><strong>nonnus</strong></span> <span class='ocrx_word' id='word_1_95' title='bbox 2182 2415 2392 2466; x_wconf 64' lang='lat' dir='ltr'><strong>amun</strong></span> <span class='ocrx_word' id='word_1_96' title='bbox 2420 2415 2793 2464; x_wconf 74' lang='lat' dir='ltr'><strong>RELIGIONE.</strong></span> 
     </span>
    </p>
   </div>
   <div class='ocr_carea' id='block_1_11' title="bbox 1349 2560 3028 2622">
    <p class='ocr_par' dir='ltr' id='par_1_11' title="bbox 1349 2560 3028 2622">
     <span class='ocr_line' id='line_1_16' title="bbox 1349 2560 3028 2622; baseline -0.002 0"><span class='ocrx_word' id='word_1_97' title='bbox 1349 2567 1396 2622; x_wconf 90' lang='lat'>1.</span> <span class='ocrx_word' id='word_1_98' title='bbox 1435 2562 1770 2621; x_wconf 70' lang='lat' dir='ltr'><strong>stanihursti</strong></span> <span class='ocrx_word' id='word_1_99' title='bbox 1793 2561 1999 2616; x_wconf 84' lang='lat' dir='ltr'><strong>librum</strong></span> <span class='ocrx_word' id='word_1_100' title='bbox 2023 2561 2093 2617; x_wconf 87' lang='lat' dir='ltr'><strong>de</strong></span> <span class='ocrx_word' id='word_1_101' title='bbox 2113 2560 2358 2616; x_wconf 86' lang='lat' dir='ltr'><strong>moribus</strong></span> <span class='ocrx_word' id='word_1_102' title='bbox 2382 2569 2439 2616; x_wconf 84' lang='lat' dir='ltr'><strong>et</strong></span> <span class='ocrx_word' id='word_1_103' title='bbox 2460 2562 2626 2618; x_wconf 87' lang='lat' dir='ltr'><strong>rebus</strong></span> <span class='ocrx_word' id='word_1_104' title='bbox 2652 2561 2887 2619; x_wconf 72' lang='lat' dir='ltr'><strong>Ibernioe</strong></span> <span class='ocrx_word' id='word_1_105' title='bbox 2912 2579 3028 2618; x_wconf 82' lang='lat' dir='ltr'><strong>esse</strong></span> 
     </span>
    </p>
   </div>
   <div class='ocr_carea' id='block_1_12' title="bbox 1290 2633 3275 2932">
    <p class='ocr_par' dir='ltr' id='par_1_12' title="bbox 1513 2633 3272 2706">
     <span class='ocr_line' id='line_1_17' title="bbox 1513 2633 3272 2706; baseline -0.001 -17"><span class='ocrx_word' id='word_1_106' title='bbox 1513 2635 1622 2689; x_wconf 82' lang='lat' dir='ltr'><strong>fide</strong></span> <span class='ocrx_word' id='word_1_107' title='bbox 1644 2641 1702 2688; x_wconf 84' lang='lat' dir='ltr'><strong>et</strong></span> <span class='ocrx_word' id='word_1_108' title='bbox 1723 2633 2063 2690; x_wconf 76' lang='lat' dir='ltr'><strong>authoritate</strong></span> <span class='ocrx_word' id='word_1_109' title='bbox 2083 2633 2387 2706; x_wconf 74' lang='lat' dir='ltr'><strong>indignum,</strong></span> <span class='ocrx_word' id='word_1_110' title='bbox 2404 2633 2713 2689; x_wconf 77' lang='lat' dir='ltr'><strong>ostenditur</strong></span> <span class='ocrx_word' id='word_1_111' title='bbox 3002 2669 3027 2680; x_wconf 91' lang='lat'><em>-</em></span> <span class='ocrx_word' id='word_1_112' title='bbox 3198 2639 3272 2688; x_wconf 75' lang='lat'><strong>88</strong></span> 
     </span>
    </p>

    <p class='ocr_par' dir='ltr' id='par_1_13' title="bbox 1313 2703 3274 2763">
     <span class='ocr_line' id='line_1_18' title="bbox 1313 2703 3274 2763; baseline -0.006 -1"><span class='ocrx_word' id='word_1_113' title='bbox 1313 2707 1400 2763; x_wconf 90' lang='grc' dir='ltr'><strong>ΙΙ.</strong></span> <span class='ocrx_word' id='word_1_114' title='bbox 1437 2705 1528 2762; x_wconf 88' lang='lat' dir='ltr'><strong>De</strong></span> <span class='ocrx_word' id='word_1_115' title='bbox 1553 2705 1883 2763; x_wconf 81' lang='lat' dir='ltr'><strong>lbernorum</strong></span> <span class='ocrx_word' id='word_1_116' title='bbox 1904 2703 2149 2759; x_wconf 83' lang='lat' dir='ltr'><strong>moribus</strong></span> <span class='ocrx_word' id='word_1_117' title='bbox 3001 2739 3023 2752; x_wconf 89' lang='lat'>.</span> <span class='ocrx_word' id='word_1_118' title='bbox 3202 2709 3274 2760; x_wconf 77' lang='grc'><strong>39</strong></span> 
     </span>
    </p>

    <p class='ocr_par' dir='ltr' id='par_1_14' title="bbox 1290 2774 3275 2932">
     <span class='ocr_line' id='line_1_19' title="bbox 1291 2774 3270 2860; baseline -0.002 -25"><span class='ocrx_word' id='word_1_119' title='bbox 1291 2777 1408 2835; x_wconf 90' lang='grc' dir='ltr'>ΙΙΙ.</span> <span class='ocrx_word' id='word_1_120' title='bbox 1447 2777 1664 2833; x_wconf 84' lang='lat' dir='ltr'><strong>Eorum</strong></span> <span class='ocrx_word' id='word_1_121' title='bbox 1682 2776 2027 2831; x_wconf 78' lang='lat' dir='ltr'><strong>observantia</strong></span> <span class='ocrx_word' id='word_1_122' title='bbox 2048 2792 2183 2860; x_wconf 81' lang='lat' dir='ltr'><strong>erga</strong></span> <span class='ocrx_word' id='word_1_123' title='bbox 2202 2774 2419 2831; x_wconf 83' lang='lat' dir='ltr'><strong>litteras</strong></span> <span class='ocrx_word' id='word_1_124' title='bbox 2442 2781 2500 2831; x_wconf 86' lang='lat' dir='ltr'><strong>et</strong></span> <span class='ocrx_word' id='word_1_125' title='bbox 2520 2775 2794 2833; x_wconf 83' lang='lat' dir='ltr'><strong>litteratos</strong></span> <span class='ocrx_word' id='word_1_126' title='bbox 3004 2809 3029 2822; x_wconf 83' lang='lat'><strong>·-</strong></span> <span class='ocrx_word' id='word_1_127' title='bbox 3143 2777 3270 2832; x_wconf 69' lang='lat' dir='ltr'><strong>ibid.</strong></span> 
     </span>
     <span class='ocr_line' id='line_1_20' title="bbox 1290 2846 3275 2932; baseline -0.008 -27"><span class='ocrx_word' id='word_1_128' title='bbox 1290 2851 1403 2906; x_wconf 87' lang='lat' dir='ltr'>IV.</span> <span class='ocrx_word' id='word_1_129' title='bbox 1437 2848 1528 2905; x_wconf 85' lang='lat' dir='ltr'><strong>De</strong></span> <span class='ocrx_word' id='word_1_130' title='bbox 1555 2849 1883 2905; x_wconf 76' lang='lat' dir='ltr'><strong>lbet-norum</strong></span> <span class='ocrx_word' id='word_1_131' title='bbox 1907 2846 2197 2932; x_wconf 66' lang='lat' dir='ltr'><strong>Religione</strong></span> <span class='ocrx_word' id='word_1_132' title='bbox 2385 2877 2414 2895; x_wconf 91' lang='lat'>.</span> <span class='ocrx_word' id='word_1_133' title='bbox 3004 2880 3029 2893; x_wconf 93' lang='lat'>-</span> <span class='ocrx_word' id='word_1_134' title='bbox 3202 2850 3275 2902; x_wconf 78' lang='lat'><strong>4⁰</strong></span> 
     </span>
    </p>
   </div>
   <div class='ocr_carea' id='block_1_13' title="bbox 1292 2917 3270 3205">
    <p class='ocr_par' dir='ltr' id='par_1_15' title="bbox 1292 2917 3270 3205">
     <span class='ocr_line' id='line_1_21' title="bbox 1322 2917 3028 2982; baseline 0 -8"><span class='ocrx_word' id='word_1_135' title='bbox 1322 2921 1401 2977; x_wconf 91' lang='lat' dir='ltr'><strong>V.</strong></span> <span class='ocrx_word' id='word_1_136' title='bbox 1440 2922 1767 2977; x_wconf 85' lang='lat' dir='ltr'><strong>Ibernorum</strong></span> <span class='ocrx_word' id='word_1_137' title='bbox 1809 2935 2092 2974; x_wconf 73' lang='lat' dir='ltr'><strong>conversio</strong></span> <span class='ocrx_word' id='word_1_138' title='bbox 2134 2919 2207 2972; x_wconf 78' lang='lat' dir='ltr'><strong>ad</strong></span> <span class='ocrx_word' id='word_1_139' title='bbox 2246 2917 2443 2974; x_wconf 80' lang='lat' dir='ltr'><strong>Fidem</strong></span> <span class='ocrx_word' id='word_1_140' title='bbox 2486 2917 2843 2982; x_wconf 83' lang='lat' dir='ltr'><strong>Oatholioam,</strong></span> <span class='ocrx_word' id='word_1_141' title='bbox 2880 2918 2939 2973; x_wconf 91' lang='lat' dir='ltr'><strong>in</strong></span> <span class='ocrx_word' id='word_1_142' title='bbox 2962 2936 3028 2974; x_wconf 81' lang='lat' dir='ltr'><strong>ea</strong></span> 
     </span>
     <span class='ocr_line' id='line_1_22' title="bbox 1519 2988 3270 3052; baseline -0.001 -6"><span class='ocrx_word' id='word_1_143' title='bbox 1519 2999 1763 3046; x_wconf 78' lang='lat' dir='ltr'><strong>vetustas</strong></span> <span class='ocrx_word' id='word_1_144' title='bbox 1785 2997 1845 3044; x_wconf 87' lang='lat' dir='ltr'><strong>et</strong></span> <span class='ocrx_word' id='word_1_145' title='bbox 1864 2990 2115 3052; x_wconf 79' lang='lat' dir='ltr'><strong>firmitas,</strong></span> <span class='ocrx_word' id='word_1_146' title='bbox 2140 3007 2174 3044; x_wconf 79' lang='lat' dir='ltr'><strong>a</strong></span> <span class='ocrx_word' id='word_1_147' title='bbox 2234 3009 2305 3044; x_wconf 86' lang='lat' dir='ltr'><strong>ue</strong></span> <span class='ocrx_word' id='word_1_148' title='bbox 2326 2991 2638 3044; x_wconf 76' lang='lat' dir='ltr'><strong>litterarum</strong></span> <span class='ocrx_word' id='word_1_149' title='bbox 2674 2990 2857 3044; x_wconf 83' lang='lat' dir='ltr'><strong>studia</strong></span> <span class='ocrx_word' id='word_1_150' title='bbox 2995 3018 3027 3035; x_wconf 93' lang='lat'>-</span> <span class='ocrx_word' id='word_1_151' title='bbox 3140 2988 3270 3044; x_wconf 63' lang='lat' dir='ltr'><strong>thud.</strong></span> 
     </span>
     <span class='ocr_line' id='line_1_23' title="bbox 1292 3059 3029 3118; baseline 0 -2"><span class='ocrx_word' id='word_1_152' title='bbox 1292 3063 1403 3118; x_wconf 90' lang='lat' dir='ltr'>VI.</span> <span class='ocrx_word' id='word_1_153' title='bbox 1443 3061 1534 3118; x_wconf 91' lang='lat' dir='ltr'><strong>De</strong></span> <span class='ocrx_word' id='word_1_154' title='bbox 1557 3061 1881 3117; x_wconf 81' lang='lat' dir='ltr'><strong>celebrando</strong></span> <span class='ocrx_word' id='word_1_155' title='bbox 1922 3060 2181 3114; x_wconf 80' lang='lat' dir='ltr'><strong>Redivivi</strong></span> <span class='ocrx_word' id='word_1_156' title='bbox 2282 3061 2449 3114; x_wconf 89' lang='lat' dir='ltr'><strong>omini</strong></span> <span class='ocrx_word' id='word_1_157' title='bbox 2490 3060 2765 3116; x_wconf 73' lang='lat' dir='ltr'><strong>Paschats</strong></span> <span class='ocrx_word' id='word_1_158' title='bbox 2787 3067 2845 3114; x_wconf 84' lang='lat' dir='ltr'><strong>et</strong></span> <span class='ocrx_word' id='word_1_159' title='bbox 2868 3059 3029 3116; x_wconf 58' lang='lat' dir='ltr'><strong>Pela„</strong></span> 
     </span>
     <span class='ocr_line' id='line_1_24' title="bbox 1521 3129 3027 3205; baseline 0 -19"><span class='ocrx_word' id='word_1_160' title='bbox 1521 3133 1684 3205; x_wconf 75' lang='lat' dir='ltr'><strong>gisna</strong></span> <span class='ocrx_word' id='word_1_161' title='bbox 1717 3131 1909 3186; x_wconf 66' lang='lat' dir='ltr'><strong>heresi</strong></span> <span class='ocrx_word' id='word_1_162' title='bbox 1945 3131 2197 3185; x_wconf 80' lang='lat' dir='ltr'><strong>doctores</strong></span> <span class='ocrx_word' id='word_1_163' title='bbox 2222 3130 2409 3186; x_wconf 84' lang='lat' dir='ltr'><strong>Iberni</strong></span> <span class='ocrx_word' id='word_1_164' title='bbox 2433 3131 2627 3187; x_wconf 74' lang='lat' dir='ltr'><strong>sedem</strong></span> <span class='ocrx_word' id='word_1_165' title='bbox 2649 3129 3027 3202; x_wconf 85' lang='lat' dir='ltr'><strong>Apostolioam</strong></span> 
     </span>
    </p>
   </div>
   <div class='ocr_carea' id='block_1_14' title="bbox 1227 3202 3286 4272">
    <p class='ocr_par' dir='ltr' id='par_1_16' title="bbox 1523 3202 3276 3259">
     <span class='ocr_line' id='line_1_25' title="bbox 1523 3202 3276 3259; baseline 0.001 -1"><span class='ocrx_word' id='word_1_166' title='bbox 1523 3202 1815 3258; x_wconf 80' lang='lat' dir='ltr'><strong>consulunt</strong></span> <span class='ocrx_word' id='word_1_167' title='bbox 3202 3207 3276 3259; x_wconf 78' lang='lat'><strong>42</strong></span> 
     </span>
    </p>

    <p class='ocr_par' dir='ltr' id='par_1_17' title="bbox 1261 3235 3280 3402">
     <span class='ocr_line' id='line_1_26' title="bbox 1261 3235 3031 3343; baseline 0 -15"><span class='ocrx_word' id='word_1_168' title='bbox 1261 3274 1514 3331; x_wconf 83' lang='lat' dir='ltr'>v11.1n</span> <span class='ocrx_word' id='word_1_169' title='bbox 1555 3290 1746 3329; x_wconf 86' lang='lat' dir='ltr'><strong>eorum</strong></span> <span class='ocrx_word' id='word_1_170' title='bbox 1788 3289 1907 3343; x_wconf 81' lang='lat' dir='ltr'><strong>quae</strong></span> <span class='ocrx_word' id='word_1_171' title='bbox 1949 3270 2201 3334; x_wconf 77' lang='lat' dir='ltr'><strong>diximus,</strong></span> <span class='ocrx_word' id='word_1_172' title='bbox 2226 3270 2694 3327; x_wconf 80' lang='lat' dir='ltr'><strong>confirmationem</strong></span> <span class='ocrx_word' id='word_1_173' title='bbox 2716 3235 3031 3328; x_wconf 52' lang='lat' dir='ltr'><strong>testimonid</strong></span> 
     </span>
     <span class='ocr_line' id='line_1_27' title="bbox 1525 3345 3280 3402; baseline 0.002 -3"><span class='ocrx_word' id='word_1_174' title='bbox 1525 3345 1847 3399; x_wconf 77' lang='lat' dir='ltr'><strong>referuntur</strong></span> <span class='ocrx_word' id='word_1_175' title='bbox 3210 3351 3280 3402; x_wconf 78' lang='lat'><strong>48</strong></span> 
     </span>
    </p>

    <p class='ocr_par' dir='ltr' id='par_1_18' title="bbox 1227 3413 3282 3543">
     <span class='ocr_line' id='line_1_28' title="bbox 1227 3413 3037 3488; baseline 0 -16"><span class='ocrx_word' id='word_1_176' title='bbox 1227 3416 1406 3473; x_wconf 89' lang='lat' dir='ltr'>VIII.</span> <span class='ocrx_word' id='word_1_177' title='bbox 1444 3415 1677 3488; x_wconf 78' lang='lat' dir='ltr'><strong>Aliquot</strong></span> <span class='ocrx_word' id='word_1_178' title='bbox 1715 3413 1947 3471; x_wconf 77' lang='lat' dir='ltr'><strong>Iberniae</strong></span> <span class='ocrx_word' id='word_1_179' title='bbox 1986 3413 2110 3477; x_wconf 79' lang='lat' dir='ltr'><strong>viri,</strong></span> <span class='ocrx_word' id='word_1_180' title='bbox 2146 3413 2477 3486; x_wconf 62' lang='lat' dir='ltr'><strong>feminaque</strong></span> <span class='ocrx_word' id='word_1_181' title='bbox 2517 3413 2755 3487; x_wconf 82' lang='lat' dir='ltr'><strong>insignes</strong></span> <span class='ocrx_word' id='word_1_182' title='bbox 2783 3413 3037 3472; x_wconf 75' lang='lat' dir='ltr'><strong>doctrina</strong></span> 
     </span>
     <span class='ocr_line' id='line_1_29' title="bbox 1525 3486 3282 3543; baseline 0.001 -2"><span class='ocrx_word' id='word_1_183' title='bbox 1525 3495 1584 3541; x_wconf 82' lang='lat' dir='ltr'><strong>et</strong></span> <span class='ocrx_word' id='word_1_184' title='bbox 1605 3486 1897 3541; x_wconf 68' lang='lat' dir='ltr'><strong>sanctitate</strong></span> <span class='ocrx_word' id='word_1_185' title='bbox 1918 3492 2281 3540; x_wconf 81' lang='lat' dir='ltr'><strong>numerantur</strong></span> <span class='ocrx_word' id='word_1_186' title='bbox 2398 3517 2421 3531; x_wconf 87' lang='lat'>-</span> <span class='ocrx_word' id='word_1_187' title='bbox 3210 3493 3282 3543; x_wconf 78' lang='lat'><strong>45</strong></span> 
     </span>
    </p>

    <p class='ocr_par' dir='ltr' id='par_1_19' title="bbox 1293 3555 3284 3685">
     <span class='ocr_line' id='line_1_30' title="bbox 1293 3555 3041 3628; baseline -0.001 -11"><span class='ocrx_word' id='word_1_188' title='bbox 1293 3559 1408 3616; x_wconf 92' lang='grc' dir='ltr'><strong>ΙΧ.</strong></span> <span class='ocrx_word' id='word_1_189' title='bbox 1451 3557 1728 3615; x_wconf 71' lang='lat' dir='ltr'><strong>lbet-niam</strong></span> <span class='ocrx_word' id='word_1_190' title='bbox 1793 3555 1962 3611; x_wconf 80' lang='lat' dir='ltr'><strong>fuisse</strong></span> <span class='ocrx_word' id='word_1_191' title='bbox 2030 3555 2373 3628; x_wconf 77' lang='lat' dir='ltr'><strong>Martyribus</strong></span> <span class='ocrx_word' id='word_1_192' title='bbox 2438 3555 2784 3613; x_wconf 76' lang='lat' dir='ltr'><strong>nobilitatam</strong></span> <span class='ocrx_word' id='word_1_193' title='bbox 2844 3566 3041 3616; x_wconf 82' lang='lat' dir='ltr'><strong>eontra</strong></span> 
     </span>
     <span class='ocr_line' id='line_1_31' title="bbox 1533 3627 3284 3685; baseline 0.001 -2"><span class='ocrx_word' id='word_1_194' title='bbox 1533 3628 1923 3684; x_wconf 72' lang='lat' dir='ltr'><strong>cambrensem</strong></span> <span class='ocrx_word' id='word_1_195' title='bbox 1946 3627 2258 3682; x_wconf 77' lang='lat' dir='ltr'><strong>defenditur</strong></span> <span class='ocrx_word' id='word_1_196' title='bbox 2396 3657 2427 3674; x_wconf 90' lang='lat'>-</span> <span class='ocrx_word' id='word_1_197' title='bbox 3212 3633 3284 3685; x_wconf 82' lang='lat'><strong>46</strong></span> 
     </span>
    </p>

    <p class='ocr_par' dir='ltr' id='par_1_20' title="bbox 1295 3697 3285 3900">
     <span class='ocr_line' id='line_1_32' title="bbox 1330 3697 3036 3772; baseline 0 -14"><span class='ocrx_word' id='word_1_198' title='bbox 1330 3701 1411 3758; x_wconf 92' lang='lat' dir='ltr'>X.</span> <span class='ocrx_word' id='word_1_199' title='bbox 1452 3699 1640 3759; x_wconf 86' lang='lat' dir='ltr'><strong>lberni</strong></span> <span class='ocrx_word' id='word_1_200' title='bbox 1661 3699 1735 3754; x_wconf 78' lang='lat' dir='ltr'><strong>ali</strong></span> <span class='ocrx_word' id='word_1_201' title='bbox 1771 3706 1873 3753; x_wconf 87' lang='lat' dir='ltr'><strong>uot</strong></span> <span class='ocrx_word' id='word_1_202' title='bbox 1895 3705 2209 3754; x_wconf 70' lang='lat' dir='ltr'><strong>exterarum</strong></span> <span class='ocrx_word' id='word_1_203' title='bbox 2238 3697 2489 3772; x_wconf 79' lang='lat' dir='ltr'><strong>gentium</strong></span> <span class='ocrx_word' id='word_1_204' title='bbox 2512 3697 2769 3756; x_wconf 78' lang='lat' dir='ltr'><strong>doctores</strong></span> <span class='ocrx_word' id='word_1_205' title='bbox 2789 3699 3036 3758; x_wconf 83' lang='lat' dir='ltr'><strong>referun-</strong></span> 
     </span>
     <span class='ocr_line' id='line_1_33' title="bbox 1533 3717 3285 3831; baseline 0.001 -3"><span class='ocrx_word' id='word_1_206' title='bbox 1533 3777 1628 3828; x_wconf 85' lang='lat' dir='ltr'><strong>tur</strong></span> <span class='ocrx_word' id='word_1_207' title='bbox 1653 3789 1722 3826; x_wconf 72' lang='grc' dir='ltr'><strong>οι</strong></span> <span class='ocrx_word' id='word_1_208' title='bbox 1737 3717 1985 3826; x_wconf 52' lang='lat' dir='ltr'><strong>‘bonvm</strong></span> <span class='ocrx_word' id='word_1_209' title='bbox 2094 3801 2121 3816; x_wconf 91' lang='lat'>-</span> <span class='ocrx_word' id='word_1_210' title='bbox 3013 3807 3038 3820; x_wconf 93' lang='lat'>-</span> <span class='ocrx_word' id='word_1_211' title='bbox 3214 3771 3285 3831; x_wconf 81' lang='lat'><strong>47</strong></span> 
     </span>
     <span class='ocr_line' id='line_1_34' title="bbox 1295 3841 3285 3900; baseline -0.002 0"><span class='ocrx_word' id='word_1_212' title='bbox 1295 3845 1410 3900; x_wconf 90' lang='lat' dir='ltr'>XI.</span> <span class='ocrx_word' id='word_1_213' title='bbox 1449 3844 1565 3900; x_wconf 81' lang='lat' dir='ltr'><strong>Alii</strong></span> <span class='ocrx_word' id='word_1_214' title='bbox 1589 3841 1718 3898; x_wconf 77' lang='lat' dir='ltr'><strong>fasti</strong></span> <span class='ocrx_word' id='word_1_215' title='bbox 1741 3841 2061 3896; x_wconf 81' lang='lat' dir='ltr'><strong>referuntur</strong></span> <span class='ocrx_word' id='word_1_216' title='bbox 3213 3846 3285 3897; x_wconf 83' lang='lat'><strong>49</strong></span> 
     </span>
    </p>

    <p class='ocr_par' dir='ltr' id='par_1_21' title="bbox 1258 3911 3281 4040">
     <span class='ocr_line' id='line_1_35' title="bbox 1258 3911 3040 3973; baseline -0.001 -1"><span class='ocrx_word' id='word_1_217' title='bbox 1258 3916 1409 3973; x_wconf 89' lang='lat' dir='ltr'>XII.</span> <span class='ocrx_word' id='word_1_218' title='bbox 1447 3913 1847 3971; x_wconf 73' lang='lat' dir='ltr'><strong>Kalendarium</strong></span> <span class='ocrx_word' id='word_1_219' title='bbox 1884 3930 1921 3967; x_wconf 81' lang='lat' dir='ltr'><strong>a</strong></span> <span class='ocrx_word' id='word_1_220' title='bbox 1956 3913 2129 3969; x_wconf 84' lang='lat' dir='ltr'><strong>Patre</strong></span> <span class='ocrx_word' id='word_1_221' title='bbox 2169 3911 2415 3969; x_wconf 86' lang='lat' dir='ltr'><strong>Henrioo</strong></span> <span class='ocrx_word' id='word_1_222' title='bbox 2439 3911 2854 3970; x_wconf 84' lang='lat' dir='ltr'><strong>Dubhlinnense</strong></span> <span class='ocrx_word' id='word_1_223' title='bbox 2876 3932 3040 3970; x_wconf 79' lang='lat' dir='ltr'><strong>accu-</strong></span> 
     </span>
     <span class='ocr_line' id='line_1_36' title="bbox 1531 3982 3281 4040; baseline -0.001 0"><span class='ocrx_word' id='word_1_224' title='bbox 1531 3985 1798 4040; x_wconf 83' lang='lat' dir='ltr'><strong>mulatum</strong></span> <span class='ocrx_word' id='word_1_225' title='bbox 1820 3982 2065 4040; x_wconf 83' lang='lat' dir='ltr'><strong>refertur</strong></span> <span class='ocrx_word' id='word_1_226' title='bbox 3216 3987 3281 4039; x_wconf 82' lang='lat'><strong>51</strong></span> 
     </span>
    </p>

    <p class='ocr_par' dir='ltr' id='par_1_22' title="bbox 1227 4055 3286 4272">
     <span class='ocr_line' id='line_1_37' title="bbox 1227 4055 3040 4142; baseline -0.002 -28"><span class='ocrx_word' id='word_1_227' title='bbox 1227 4057 1410 4115; x_wconf 86' lang='lat' dir='ltr'>XIII.</span> <span class='ocrx_word' id='word_1_228' title='bbox 1448 4057 1620 4112; x_wconf 82' lang='lat' dir='ltr'><strong>Ratio</strong></span> <span class='ocrx_word' id='word_1_229' title='bbox 1659 4056 1937 4126; x_wconf 73' lang='lat' dir='ltr'><strong>redditur,</strong></span> <span class='ocrx_word' id='word_1_230' title='bbox 1949 4055 2429 4140; x_wconf 38' lang='lat' dir='ltr'><strong>‘quemadmodum</strong></span> <span class='ocrx_word' id='word_1_231' title='bbox 2459 4055 2716 4142; x_wconf 75' lang='lat' dir='ltr'><strong>Religio,</strong></span> <span class='ocrx_word' id='word_1_232' title='bbox 2739 4064 2796 4112; x_wconf 90' lang='lat' dir='ltr'><strong>et</strong></span> <span class='ocrx_word' id='word_1_233' title='bbox 2830 4056 3040 4112; x_wconf 79' lang='lat' dir='ltr'><strong>littera-</strong></span> 
     </span>
     <span class='ocr_line' id='line_1_38' title="bbox 1532 4095 3286 4182; baseline 0.001 -1"><span class='ocrx_word' id='word_1_234' title='bbox 1532 4143 1659 4181; x_wconf 84' lang='lat' dir='ltr'><strong>rum</strong></span> <span class='ocrx_word' id='word_1_235' title='bbox 1681 4095 1964 4181; x_wconf 84' lang='lat' dir='ltr'><strong>studium</strong></span> <span class='ocrx_word' id='word_1_236' title='bbox 1948 4144 2005 4180; x_wconf 88' lang='grc' dir='ltr'><strong>ιιι</strong></span> <span class='ocrx_word' id='word_1_237' title='bbox 2030 4127 2249 4182; x_wconf 75' lang='lat' dir='ltr'><strong>ibernia</strong></span> <span class='ocrx_word' id='word_1_238' title='bbox 2270 4127 2343 4180; x_wconf 85' lang='lat' dir='ltr'><strong>sit</strong></span> <span class='ocrx_word' id='word_1_239' title='bbox 2364 4128 2665 4182; x_wconf 77' lang='lat' dir='ltr'><strong>extinctum</strong></span> <span class='ocrx_word' id='word_1_240' title='bbox 3215 4131 3286 4181; x_wconf 82' lang='lat'><strong>58</strong></span> 
     </span>
     <span class='ocr_line' id='line_1_39' title="bbox 1235 4195 3281 4272; baseline -0.002 -17"><span class='ocrx_word' id='word_1_241' title='bbox 1235 4198 1408 4255; x_wconf 90' lang='lat' dir='ltr'>XIV.</span> <span class='ocrx_word' id='word_1_242' title='bbox 1449 4197 1638 4268; x_wconf 67' lang='lat' dir='ltr'><strong>Huius</strong></span> <span class='ocrx_word' id='word_1_243' title='bbox 1659 4196 1841 4269; x_wconf 78' lang='lat' dir='ltr'><strong>operis</strong></span> <span class='ocrx_word' id='word_1_244' title='bbox 1862 4195 2108 4268; x_wconf 83' lang='lat' dir='ltr'><strong>epilogus</strong></span> <span class='ocrx_word' id='word_1_245' title='bbox 2130 4203 2187 4250; x_wconf 87' lang='lat' dir='ltr'><strong>et</strong></span> <span class='ocrx_word' id='word_1_246' title='bbox 2209 4199 2481 4268; x_wconf 83' lang='lat' dir='ltr'><strong>sequentis</strong></span> <span class='ocrx_word' id='word_1_247' title='bbox 2505 4198 2790 4272; x_wconf 84' lang='lat' dir='ltr'><strong>promissio</strong></span> <span class='ocrx_word' id='word_1_248' title='bbox 3012 4234 3037 4249; x_wconf 84' lang='lat'>-</span> <span class='ocrx_word' id='word_1_249' title='bbox 3154 4199 3281 4254; x_wconf 73' lang='lat' dir='ltr'><strong>ibid.</strong></span> 
     </span>
    </p>
   </div>
   <div class='ocr_carea' id='block_1_15' title="bbox 1713 4376 2479 4447">
    <p class='ocr_par' dir='ltr' id='par_1_23' title="bbox 1713 4376 2479 4447">
     <span class='ocr_line' id='line_1_40' title="bbox 1713 4376 2479 4447; baseline -0.001 0"><span class='ocrx_word' id='word_1_250' title='bbox 1713 4377 1939 4447; x_wconf 75' lang='lat' dir='ltr'><strong>&#39;rom</strong></span> <span class='ocrx_word' id='word_1_251' title='bbox 1978 4376 2074 4444; x_wconf 89' lang='grc' dir='ltr'><strong>ΙΙ.</strong></span> <span class='ocrx_word' id='word_1_252' title='bbox 2116 4377 2381 4445; x_wconf 81' lang='lat' dir='ltr'>LIBER</span> <span class='ocrx_word' id='word_1_253' title='bbox 2420 4379 2479 4446; x_wconf 89' lang='grc' dir='ltr'><strong>Ι.</strong></span> 
     </span>
    </p>
   </div>
   <div class='ocr_carea' id='block_1_16' title="bbox 1377 4542 2855 4617">
    <p class='ocr_par' dir='ltr' id='par_1_24' title="bbox 1377 4542 2855 4617">
     <span class='ocr_line' id='line_1_41' title="bbox 1377 4542 2855 4617; baseline -0.004 -2"><span class='ocrx_word' id='word_1_254' title='bbox 1377 4567 1650 4615; x_wconf 71' lang='lat' dir='ltr'><strong>mum</strong></span> <span class='ocrx_word' id='word_1_255' title='bbox 1677 4563 1988 4617; x_wconf 74' lang='lat' dir='ltr'><strong>uuouono</strong></span> <span class='ocrx_word' id='word_1_256' title='bbox 2018 4563 2119 4611; x_wconf 82' lang='lat' dir='ltr'><strong>sn·</strong></span> <span class='ocrx_word' id='word_1_257' title='bbox 2142 4564 2229 4610; x_wconf 70' lang='grc' dir='ltr'><strong>ΑΒ</strong></span> <span class='ocrx_word' id='word_1_258' title='bbox 2260 4561 2492 4610; x_wconf 67' lang='lat' dir='ltr'><strong>mous</strong></span> <span class='ocrx_word' id='word_1_259' title='bbox 2520 4542 2855 4610; x_wconf 67' lang='grc' dir='ltr'><strong>οΒτιιιιιιΡ</strong></span> 
     </span>
    </p>
   </div>
   <div class='ocr_carea' id='block_1_17' title="bbox 1372 4701 3051 4786">
    <p class='ocr_par' dir='ltr' id='par_1_25' title="bbox 1372 4701 3051 4786">
     <span class='ocr_line' id='line_1_42' title="bbox 1372 4701 3051 4786; baseline -0.001 -26"><span class='ocrx_word' id='word_1_260' title='bbox 1372 4707 1422 4762; x_wconf 89' lang='lat'>1.</span> <span class='ocrx_word' id='word_1_261' title='bbox 1462 4703 1790 4760; x_wconf 81' lang='lat' dir='ltr'><strong>Ibernorum</strong></span> <span class='ocrx_word' id='word_1_262' title='bbox 1830 4701 1977 4758; x_wconf 81' lang='lat' dir='ltr'><strong>inter</strong></span> <span class='ocrx_word' id='word_1_263' title='bbox 2017 4719 2077 4758; x_wconf 86' lang='lat' dir='ltr'><strong>se</strong></span> <span class='ocrx_word' id='word_1_264' title='bbox 2116 4701 2279 4764; x_wconf 72' lang='lat' dir='ltr'><strong>bella,</strong></span> <span class='ocrx_word' id='word_1_265' title='bbox 2317 4707 2375 4755; x_wconf 86' lang='lat' dir='ltr'><strong>et</strong></span> <span class='ocrx_word' id='word_1_266' title='bbox 2410 4705 2608 4755; x_wconf 55' lang='lat' dir='ltr'><strong>consta</strong></span> <span class='ocrx_word' id='word_1_267' title='bbox 2644 4701 2791 4786; x_wconf 72' lang='lat' dir='ltr'><strong>ipsos</strong></span> <span class='ocrx_word' id='word_1_268' title='bbox 2812 4701 3051 4758; x_wconf 64' lang='lat' dir='ltr'><strong>subacto</strong></span> 
     </span>
    </p>
   </div>
   <div class='ocr_carea' id='block_1_18' title="bbox 1541 4771 3293 4916">
    <p class='ocr_par' dir='ltr' id='par_1_26' title="bbox 1541 4771 3293 4916">
     <span class='ocr_line' id='line_1_43' title="bbox 1541 4771 3047 4847; baseline -0.001 -18"><span class='ocrx_word' id='word_1_269' title='bbox 1541 4775 1720 4847; x_wconf 81' lang='lat' dir='ltr'><strong>gentis</strong></span> <span class='ocrx_word' id='word_1_270' title='bbox 1760 4773 2102 4836; x_wconf 82' lang='lat' dir='ltr'><strong>rebelliones,</strong></span> <span class='ocrx_word' id='word_1_271' title='bbox 2133 4779 2423 4843; x_wconf 75' lang='lat' dir='ltr'><strong>antequam</strong></span> <span class='ocrx_word' id='word_1_272' title='bbox 2462 4771 2832 4829; x_wconf 75' lang='lat' dir='ltr'><strong>Christianam</strong></span> <span class='ocrx_word' id='word_1_273' title='bbox 2869 4774 3047 4830; x_wconf 74' lang='lat' dir='ltr'><strong>lucem</strong></span> 
     </span>
     <span class='ocr_line' id='line_1_44' title="bbox 1541 4846 3293 4916; baseline 0 -17"><span class='ocrx_word' id='word_1_274' title='bbox 1541 4861 1812 4916; x_wconf 72' lang='lat' dir='ltr'><strong>recepere,</strong></span> <span class='ocrx_word' id='word_1_275' title='bbox 1835 4850 2208 4900; x_wconf 76' lang='lat' dir='ltr'><strong>memorantur</strong></span> <span class='ocrx_word' id='word_1_276' title='bbox 2406 4871 2436 4889; x_wconf 89' lang='lat'>-</span> <span class='ocrx_word' id='word_1_277' title='bbox 3223 4846 3293 4899; x_wconf 79' lang='lat'><strong>60</strong></span> 
     </span>
    </p>
   </div>
  </div>
 </body>
</html>
