3634 5842
943 736 1026 797 40
1356 730 1776 796 o’suLstAm
1820 747 2135 792 maroam
2166 745 2553 803 cunonem,
2582 741 2731 788 rou.
2781 742 2827 786 1.
3031 721 3203 804 [ua.
3262 741 3369 783 ιν.

937 897 1140 977 nandi,
1181 896 1346 982 quod
1394 895 1587 960 multa
1612 893 1760 959 falsa
1786 898 2022 971 canant,
2054 899 2115 956 et
2144 913 2253 956 suo
2280 892 2532 978 quisque
2562 887 2885 966 Maecenati,
2922 887 3150 973 primas
3180 885 3371 951 defe—
3581 963 3583 966 y

938 992 1092 1064 rant,
1121 1006 1260 1048 vera
1277 989 1338 1047 et
1367 988 1603 1046 vetusta
1627 980 1938 1044 violantes.
2028 977 2251 1044 Musici
2308 977 2451 1043 clari
2480 977 2734 1042 maxime
2762 975 2887 1061 lyra
2928 981 2990 1038 et
3022 979 3367 1060 tympano.
3570 988 3583 1060 ἵ

943 1072 1074 1136 Nec
1103 1070 1321 1134 mirum
1353 1095 1368 1133 ε
1413 1091 1554 1132 nam
1584 1073 1656 1130 ut
1684 1065 2090 1132 sacerdotibus
2120 1064 2513 1130 ecclesiastica
2539 1062 2765 1128 tributa
2782 1061 2876 1125 vel
2898 1060 3188 1126 beneficia
3206 1059 3367 1125 ἀασ-

937 1159 1230 1236 tinantur,
1272 1157 1358 1220 ita
1393 1153 1719 1241 judicibus,
1763 1153 2082 1231 historicis,
2112 1151 2376 1231 medicis,
2408 1150 2619 1238 poetis,
2648 1148 2891 1214 musicis
2944 1146 3171 1234 praedia
3204 1169 3363 1212 vec-

939 1244 1145 1332 tigalia
1173 1243 1267 1309 vel
1283 1241 1410 1309 alia
1427 1241 1668 1328 praemia
1697 1246 1842 1306 sunt
1870 1239 2215 1306 constituta.

1946 1559 2127 1627 CAP.
2176 1561 2289 1625 lv.

1735 1731 1825 1784 De
1854 1729 2175 1784 lber-norum
2202 1725 2512 1797 Religione.

935 1887 1036 1954 De
1080 1893 1284 1952 nostra
1329 1885 1632 1970 religione,
1662 1880 1995 1950 constantia
2037 1877 2101 1942 in
2144 1877 2261 1942 fide
2290 1877 2613 1958 Catholica,
2645 1878 3015 1946 observantia
3042 1880 3109 1946 in
3138 1903 3341 1948 sacer-
3558 1333 3584 1995 i

935 1974 1106 2040 dotes
1161 1972 1578 2058 longissimum
1622 1971 1774 2036 foret
1793 1967 1987 2034 dicere
2016 1965 2236 2030 omnia.
2323 1965 2661 2032 Tacendum
2694 1967 2941 2052 omnino
2968 1989 3095 2032 non
3120 1970 3337 2052 putavi

935 2061 1156 2128 summi
1189 2059 1500 2124 Pontificis
1538 2056 1794 2124 Romani
1823 2054 2075 2119 ductum
2102 2073 2412 2136 nunquam
2455 2051 2661 2120 Iberni
2704 2053 3113 2134 deseruerunt,
3138 2077 3335 2139 quan·

939 2155 1330 2232 tumcumque
1355 2144 1726 2210 miseriarum
1745 2139 2119 2228 pertulerint,
2150 2143 2213 2204 et
2254 2138 2481 2204 cruoris
2510 2139 2827 2208 effuderint
2846 2140 2923 2208 ab
2952 2141 3245 2207 haereticis
3268 2153 3334 2207 et-

936 2232 1202 2304 barbaris
1243 2231 1498 2298 maxime
1526 2230 1744 2316 Anglis
1784 2227 2165 2294 vehementer
2190 2225 2471 2310 impetiti.
2562 2225 2743 2298 Quod
2772 2251 2847 2293 ex
2874 2227 3145 2314 longiore
3186 2251 3333 2294 nos-

903 2327 1045 2408 ·trae
1091 2319 1356 2386 historias
1393 2318 1543 2384 serie
1571 2316 1808 2404 plenius
1840 2311 2165 2401 apparebit.
2253 2311 2405 2377 Non
2444 2313 2623 2380 modo
2652 2315 3002 2400 Episcopos‚
3046 2323 3110 2380 et
3138 2338 3333 2382 sacer·

938 2407 1112 2474 dotes
1141 2407 1384 2484 violare,
1415 2405 1520 2471 sed
1542 2405 1724 2470 etiam
1751 2402 1830 2468 ad
1874 2422 2080 2466 eorum
2108 2405 2327 2464 nutum
2356 2407 2417 2464 et
2444 2400 2760 2488 imperium
2779 2425 2903 2468 non
2924 2403 3125 2468 omnia
3134 2402 3331 2468 facere

934 2515 1238 2560 summum
1277 2493 1446 2560 nefas
1503 2492 1755 2559 ducunt.
1840 2486 2087 2572 Templa
2134 2485 2287 2551 miro
2316 2485 2487 2552 cultu
2528 2495 2902 2567 venerantur,
2934 2497 2995 2554 et
3012 2511 3121 2590 pro
3150 2489 3331 2575 asylis

933 2580 1219 2647 inviolata
1243 2579 1486 2658 habent,
1509 2599 1702 2665 usque
1734 2576 1883 2644 adeo
1910 2581 1983 2640 ut
2011 2571 2287 2639 hostibus
2315 2572 2391 2640 ad
2412 2596 2482 2638 ea
2496 2574 2866 2660 fugientibus
2896 2598 3131 2642 vemam
3160 2577 3328 2642 dent.

937 2668 1094 2734 Satis
1137 2674 1228 2734 est
1257 2667 1628 2753 exploratum
1685 2665 1752 2729 in
1838 2660 2057 2728 nodam
2086 2658 2343 2725 Iberniae
2385 2662 2607 2747 populo
2636 2663 2820 2727 fuisse
2861 2661 3009 2727 duas
3036 2663 3329 2728 factiones

939 2755 1268 2821 vicinorum
1283 2754 1451 2840 parvi
1469 2753 1728 2820 nominis
1746 2773 1810 2816 se
1872 2745 2219 2847 inexpiabili
2235 2745 2374 2811 odio
2397 2753 2458 2812 et
2483 2749 2791 2814 inimicitia
2802 2750 3129 2815 acerrimas.
3178 2749 3323 2828 Qui,

937 2842 1301 2929 ubicumque
1357 2839 1606 2920 fiebant,
1663 2838 1845 2917 obvii,
1904 2842 2146 2920 utnque
2196 2831 2412 2898 alteros
2486 2836 2641 2900 ferro
2712 2836 2839 2901 dire
2886 2844 2949 2901 et
3004 2835 3324 2902 crudeliter

939 2929 1330 3017 excipiebant,
1341 2935 1736 3014 praeterquam
1753 2923 1917 3011 quod
1938 2920 2343 2999 diebusfestis,
2366 2919 2623 2988 induciis
2638 2923 2813 2988 factis
2833 2923 2899 2988 in
2918 2945 3111 2988 unum
3131 2930 3321 3008 temp·

777 3013 924 3082 [38]
938 3016 1351 3082 lumcoeuntes
1409 3015 1608 3079 acifice
1627 3033 1929 3078 sacrorum
1948 3006 2664 3075 solemnibusintererant.
2697 3009 2787 3074 Ut
2802 3009 3317 3090 breviterdicam,u

936 3101 1076 3166 licet
1103 3102 1304 3166 omnia
1409 3123 1444 3164 a
1461 3105 1820 3175 evertantur,
1850 3095 2060 3160 Fidem
2088 3101 2287 3158 tamen
2316 3093 2681 3162 Catholicam
2708 3097 2843 3183 puri
2872 3105 2933 3162 et
2976 3098 3205 3184 syncel-i
3232 3121 3321 3162 re-

939 3187 1152 3265 tinent,
1171 3185 1398 3251 nullam
1421 3185 1685 3271 'unquam
1714 3183 1985 3248 haeresim
2016 3179 2371 3266 accipientes
2414 3190 2519 3247 aut
2548 3183 2879 3248 reddentes.

1967 3525 2145 3591 CAP.
2192 3527 2271 3590 V.

941 3698 1268 3754 lber-norum
1317 3693 1600 3748 conversio
1627 3693 1698 3747 ad
1723 3691 1921 3748 Fidem
1949 3694 2307 3758 catholicam,
2340 3695 2397 3747 in
2437 3699 2501 3750 ea
2518 3701 2757 3748 vetustas
2784 3703 2838 3749 et
2876 3697 3123 3764 firmitas,
3148 3705 3315 3769 atque

1848 3763 2161 3820 litterarum
2196 3766 2396 3820 studia.

937 3923 1039 3985 An
1068 3920 1246 3985 fidem
1266 3941 1408 3985 vero
1424 3919 1548 4005 jam
1567 3917 1712 3984 olim
1729 3924 1873 3984 sunt
1902 3921 2173 3985 conversi
2201 3918 2305 3985 sed
2334 3941 2567 3984 summa
2594 3916 2965 3998 difficultate,
2996 3927 3313 4008 postquam

935 4007 1289 4073 Christianae
1317 4006 1470 4070 lucis
1511 4027 1638 4069 non
1681 4004 1865 4071 modo
1915 4006 2309 4073 divinationes
2348 4012 2411 4070 et
2458 4005 2773 4071 conciones
2811 4007 3148 4088 audierunt,
3212 4009 3315 4073 sed
3577 4053 3578 4078 η

933 4095 1114 4160 etiam
1163 4098 1510 4178 argumenta
1537 4093 1875 4175 conspicua,
1901 4097 1962 4156 et
1990 4093 2391 4179 experimenta
2418 4101 2787 4178 acceperunt.
2875 4093 3157 4180 Namque
3186 4102 3313 4160 tum
3576 4079 3579 4236 ἵ

934 4205 1072 4247 cum
1093 4201 1300 4245 omnes
1330 4178 1551 4242 delusas
1580 4177 1933 4260 gentilitatis
1962 4180 2259 4244 erroribus
2296 4179 2437 4244 caeci
2466 4178 2840 4257 tenebantur,
2872 4181 3203 4246 floruerunt
3222 4183 3315 4246 in-

933 4275 1026 4334 ter
1069 4266 1206 4332 illos
1258 4265 1368 4331 viri
1409 4270 1473 4330 et
1508 4263 1761 4329 faeminoe
1777 4264 2142 4330 vaticinandi
2183 4265 2399 4352 spiritu
2442 4265 2651 4345 inflati,
2698 4267 2804 4352 qui
2854 4265 2929 4332 de
2956 4265 3221 4332 Domino
3249 4269 3313 4332 in

934 4354 1228 4420 mundum
1257 4357 1529 4430 venturo,
1565 4373 1639 4415 ex
1681 4351 1911 4437 virgine
1932 4353 2253 4432 nascituro,
2278 4359 2338 4417 et
2362 4353 2688 4418 humanum
2717 4375 2906 4440 genus
2934 4353 3314 4442 redempturo

933 4441 1124 4506 multa
1151 4440 1372 4527 quibus
1402 4437 1608 4504 Iberni
1637 4436 1816 4502 fidem
1846 4437 2162 4520 habebant,
2193 4439 2615 4526 praedixerunt.

1015 4527 1309 4592 Praeterea
1335 4531 1622 4612 regnante
1636 4525 1702 4590 in
1731 4525 1981 4592 Ultonia
2010 4527 2328 4592 Conchure
2354 4549 2513 4611 rege,
2533 4525 2835 4592 Conaldus
2870 4525 3123 4592 Carnius
3144 4529 3315 4614 pugil

931 4611 1150 4712 nobilis
1177 4615 1394 4690 enimn,
1437 4613 1763 4698 roboreque
1794 4621 2082 4700 praestans
2130 4636 2375 4713 peregre
2404 4613 2703 4713 profectus
2752 4621 3085 4678 exterarum
3114 4637 3313 4712 rerum

927 4700 2218 4873 ἷὲἔηῖἰῗὲἓἙεῗὲἕέῗῖἔῆεῗίἑξὶἕὲᾛῶἑῗιὶέ
2237 4699 2671 4874 fflfflfi
2697 4701 3311 4854 ssss‘ffiffffi'esffssffi
