3634 5842
332 762 470 806 car.
519 739 624 825 11.]
1023 759 1108 804 nn
1151 757 1550 804 runca-mmo
1593 755 1734 800 D1v1
1779 757 2081 804 merru.
2642 745 2721 806 25

332 914 575 1000 quidem
585 911 880 980 sententia
888 912 1220 980 humanum
1241 911 1554 977 artificium
1577 916 1638 975 et
1655 910 1965 996 ingenium
1985 911 2319 998 superabat,
2344 919 2725 993 structuram,

328 1001 686 1088 elegantiam
714 1007 778 1065 et
803 999 1312 1086 pulchritudinem
1339 998 1655 1064 admirans.
1721 997 1923 1068 Quam
1944 1021 2137 1064 meam
2160 999 2725 1085 contemplationem

328 1089 778 1175 interruperunt
811 1087 926 1152 viri
964 1085 1280 1152 duodecim
1319 1083 1588 1150 candidis
1625 1084 1891 1150 vestibus
1925 1086 2143 1165 induti,
2168 1087 2271 1172 qui
2310 1087 2457 1152 mihi
2483 1087 2725 1172 quidem

329 1175 593 1261 religiosi
619 1173 995 1252 videbantur,
1025 1173 1220 1239 aulam
1247 1171 1651 1258 ingredientes
1695 1193 1909 1256 meque
1953 1171 2209 1258 benigne
2238 1173 2429 1238 salute
2455 1174 2723 1260 imperti-

331 1269 520 1328 entes.
609 1261 764 1326 Cum
801 1260 1194 1348 propinquius
1216 1259 1614 1335 accessissent,
1647 1279 1806 1322 unus
1837 1259 1940 1343 qui
1958 1261 2189 1326 coeteris
2205 1259 2422 1339 forsan,
2454 1269 2721 1346 praeerat,

330 1351 418 1415 ita
443 1371 540 1414 me
567 1349 812 1414 nomine
855 1347 1126 1413 omnium
1171 1347 1402 1412 affatur.
1495 1351 1536 1380 “
1555 1344 1867 1410 Laudibus
1916 1347 2220 1432 perpetuis
2263 1346 2431 1412 Deus
2460 1349 2725 1433 optimus

331 1437 624 1502 maximus
651 1435 943 1514 efferatur,
975 1435 1147 1520 cujus
1174 1434 1352 1500 nutui
1379 1439 1442 1498 et
1483 1432 1733 1518 imperio
1783 1433 1983 1498 omnia
2030 1433 2447 1519 subjiciuntur,
2479 1435 2583 1520 qui
2610 1434 2725 1500 tibi

329 1529 568 1588 tantum
615 1529 856 1608 tamque
901 1521 1310 1588 incredibilem
1359 1528 1421 1585 et
1467 1518 1806 1584 inauditum
1849 1520 2115 1586 animum
2142 1521 2303 1598 fecit,
2334 1528 2405 1585 ut
2432 1543 2613 1586 ausus
2642 1521 2724 1586 sis

331 1611 452 1675 huc
503 1609 853 1675 descendere
903 1615 1146 1694 peccata
1190 1613 1535 1693 purgatum.
1639 1605 1788 1672 Rem
1862 1607 2103 1672 hercule
2145 1607 2409 1686 arduam,
2440 1607 2727 1693 perdiffici

335 1697 573 1782 lemque
621 1696 954 1782 suscepisti,
1007 1695 1111 1761 sed
1158 1694 1392 1781 ingenti
1481 1693 1688 1758 roemio
1745 1693 2261 1778 compensandam.
2352 1693 2632 1780 Namque
2676 1694 2728 1760 si

330 1785 676 1849 institutum
703 1783 1052 1871 proestiteris
1101 1803 1374 1846 summus
1419 1717 1522 1846 ille
1573 1779 2105 1846 misericordiarum
2130 1781 2301 1847 Deus
2330 1781 2561 1866 piacula
2587 1782 2725 1846 hac·

332 1877 508 1936 tenus
547 1871 858 1935 commissa
907 1868 1022 1934 tibi
1071 1868 1408 1934 condonare
1458 1865 1823 1954 dignabitur.
1913 1867 2021 1933 Sin
2070 1868 2363 1932 malorum
2406 1869 2727 1953 spirituum

331 1957 652 2043 pavoribus
679 1965 742 2022 et
769 1955 1130 2022 cruciatibus
1157 1955 1524 2042 perterritus,
1549 1953 1644 2018 vel
1684 1954 1988 2038 promissis
2018 1953 2301 2041 deceptus
2346 1953 2729 2020 succubueris

329 2067 368 2109 a
395 2052 670 2130 suscepto
719 2065 966 2108 munere
1011 2043 1318 2122 desistens,
1350 2043 1547 2106 anima
1589 2063 1925 2127 corpusque
1953 2041 2172 2127 quibus
2214 2049 2472 2120 constas,
2503 2051 2725 2106 oeterno

329 2132 624 2217 supplicio
653 2130 1006 2218 plectentur.
1098 2129 1301 2200 Quare
1329 2152 1406 2194 ne
1433 2128 1777 2214 inopinatus
1805 2127 1881 2193 ab
1926 2128 2201 2194 hostibus
2229 2129 2725 2207 circumveniaris,

327 2219 450 2284 huc
499 2241 612 2284 nos
663 2217 1028 2296 devenimus,
1081 2217 1432 2283 nunciatum
1495 2215 1672 2281 variis
1730 2225 1792 2280 te
1850 2213 2117 2281 diabolos
2172 2214 2724 2301 poUicitationibus,

329 2305 508 2370 minis
536 2311 598 2370 et
623 2303 949 2370 terroribus
992 2325 1393 2390 aggressuros,
1423 2309 1485 2368 et
1511 2303 1578 2368 in
1607 2302 1722 2368 hoc
1749 2301 1883 2368 loco
1933 2309 2073 2388 post
2120 2308 2395 2368 nostrum
2444 2302 2725 2380 reditum,

327 2393 590 2478 primum
619 2393 790 2478 signa
815 2400 1018 2458 tecum
1067 2391 1406 2456 collaturos.
1493 2389 1660 2476 Ergo
1711 2389 1808 2454 hic
1836 2389 1953 2454 tibi
1980 2411 2133 2475 opus
2162 2390 2361 2455 animo
2406 2388 2727 2466 constanti,

334 2487 694 2564 pectoreque
720 2479 909 2544 firm0.
1000 2476 1140 2548 Quo
1171 2478 1220 2542 si
1251 2479 1432 2542 fueris
1483 2477 1772 2563 proeditus
1817 2498 2025 2540 omnes
2076 2476 2341 2541 hostium
2383 2477 2538 2541 vires
2566 2475 2727 2541 facili

327 2565 578 2651 negotio
607 2565 940 2630 contundes
969 2564 1376 2630 dulcissimum
1407 2563 1450 2627 J
1451 2585 1559 2628 esu
1599 2563 1825 2628 Christi
1845 2585 2067 2628 nomen
2096 2563 2273 2628 corde
2300 2562 2635 2628 venerando
2665 2573 2727 2627 et

324 2673 432 2718 ore
459 2650 832 2738 proferendo.
910 2649 1166 2721 Quoties
1193 2673 1332 2716 vero
1361 2651 1544 2714 fueris
1573 2649 1832 2714 stadium
1862 2671 2000 2714 cum
2030 2647 2375 2715 adversariis
2402 2649 2723 2734 ingressus,

323 2761 440 2804 nos
489 2737 823 2803 Dominum
873 2735 1192 2816 orabimus,
1223 2743 1294 2800 ut
1339 2737 1490 2802 ferat
1528 2735 1639 2800 tibi
1689 2757 1867 2821 opem
1899 2735 2180 2801 divinam.
2226 2735 2393 2800 Vale.
2486 2735 2727 2806 Quibus

327 2825 510 2891 dictis
537 2823 700 2890 illico
728 2823 1144 2889 discesserunt.

716 2957 776 3022 V
764 2957 1051 3036 iomeruca,
1075 2979 1214 3044 quos
1241 2957 1474 3022 viderat
1501 2957 1819 3035 cruciatus,
1853 2957 2059 3022 ordine
2086 2963 2348 3021 enarrat.

325 3081 478 3152 Post
505 3084 922 3172 religiosorum
941 3083 1208 3152 reditum
1239 3107 1352 3171 ego
1381 3083 1545 3149 solus
1573 3085 1636 3149 in
1666 3083 1802 3149 aula
1830 3083 2092 3163 relictus,
2122 3106 2261 3149 cum
2303 3084 2387 3148 im
2432 3083 2719 3150 endentes

329 3171 706 3238 difficultates
733 3173 934 3238 animo
959 3193 1196 3238 mecum
1223 3171 1570 3250 volutarem,
1601 3172 1814 3258 ingens
1833 3173 2116 3258 strepitus
2134 3172 2297 3236 omni
2314 3171 2355 3236 b
2442 3172 2453 3185 '
2479 3171 2725 3238 classico

325 3271 390 3324 et
417 3260 680 3326 humano
708 3259 914 3326 sonitu
959 3259 1150 3345 major
1177 3281 1337 3326 meas
1365 3281 1536 3326 aures
1577 3259 1901 3344 improviso
1930 3257 2277 3324 verberavit.
2368 3259 2519 3324 Mox
2546 3260 2723 3324 innu-

329 3369 490 3411 mera
517 3346 856 3412 daemonum
887 3346 976 3412 vis
1003 3348 1182 3412 variis
1207 3347 1415 3412 formis
1443 3345 1905 3412 horrendissima
1932 3352 1993 3412 et
2021 3345 2469 3412 confertissimis
2497 3346 2720 3411 ordini-

331 3433 444 3497 bus
469 3434 804 3520 irrumpens
831 3432 1028 3499 aulam
1055 3433 1342 3519 implevit.
1354 3435 1382 3516 ΙΙ
1449 3433 1674 3498 Omnes
1703 3433 1780 3498 ad
1807 3455 1998 3497 unum
2028 3454 2125 3497 me
2153 3433 2375 3498 salvere
2391 3433 2719 3518 jusserunt,
2742 3441 2879 3508 [23.]

327 3519 480 3584 nihil
535 3542 616 3586 uo
638 3520 792 3586 solet
810 3520 1004 3586 honor
1017 3520 1300 3600 exhiberi,
1319 3521 1861 3606 proetermittentes,
1884 3526 1947 3584 et
1968 3519 2333 3584 obtestantes
2362 3542 2457 3584 me
2486 3521 2721 3604 magnis

325 3608 510 3672 errori
551 3629 626 3672 us
653 3614 716 3672 et
743 3606 1042 3672 dementia
1086 3615 1346 3693 captum,
1379 3607 1542 3694 quod
1582 3608 1649 3672 in
1689 3606 1823 3672 loca
1870 3606 2021 3670 vivis
2068 3607 2231 3671 invia
2276 3605 2713 3670 descenderim:

325 3700 558 3758 tantam
605 3716 800 3760 meam
828 3694 1133 3759 audaciam
1163 3693 1406 3779 dignam
1436 3716 1563 3758 esse
1591 3699 1819 3758 mortes
1880 3692 2267 3757 nihilominus
2316 3715 2381 3756 se
2428 3692 2715 3757 rationem

327 3779 546 3846 habere
573 3803 842 3846 meorum
871 3803 1014 3866 erga
1039 3803 1104 3846 se
1131 3783 1498 3858 meritorum,
1529 3779 1692 3865 quod
1741 3801 1923 3864 super
1964 3785 2183 3844 terram
2234 3776 2433 3843 studio
2462 3799 2719 3858 summo,

326 3867 756 3953 diligentiaque
785 3889 1018 3955 semper
1045 3889 1250 3932 eorum
1299 3867 1590 3952 imperata
1639 3867 1919 3930 fecerim:
1986 3863 2065 3929 ob
2094 3864 2157 3929 id
2200 3886 2297 3930 me
2359 3871 2719 3944 servaturos,

325 3953 402 4019 ad
456 3955 784 4042 purgatorii
827 3956 1072 4040 januam
1121 3953 1544 4020 comitatui-os:
1617 3952 1981 4017 incolumem
2044 3951 2121 4017 ad
2170 3973 2303 4017 mea
2351 3951 2717 4032 dimissuros,

326 4041 550 4126 diuque
575 4041 696 4106 frui
722 4043 790 4106 in
817 4040 1043 4106 mundo
1071 4040 1303 4126 magnis
1353 4039 1576 4106 deliciis
1615 4040 2025 4124 permissuros.
2115 4038 2224 4104 Sin
2268 4038 2469 4104 minus
2511 4037 2717 4104 condi-

323 4127 550 4193 tionem
579 4129 888 4216 accipiam,
915 4127 1018 4193 sed
1047 4129 1240 4213 stygia
1265 4149 1448 4212 regna
1473 4126 1669 4192 lucter
1695 4125 1875 4206 adire,
1908 4149 2002 4192 me
2030 4133 2280 4192 mortem
2312 4125 2721 4212 oppetiturum

325 4221 388 4279 et
416 4222 554 4301 post
581 4215 814 4280 obitum
843 4215 1170 4281 innumeris
1219 4213 1652 4279 calamitatibus
1703 4213 2100 4279 afficiendum.
2186 4211 2323 4297 Ego
2350 4235 2491 4278 vero
2518 4211 2721 4278 callidi

326 4307 512 4367 tatem
541 4308 602 4368 et
631 4301 803 4368 dolos
829 4323 1034 4368 eorum
1062 4299 1342 4388 praeclare
1384 4301 1724 4386 intelligens
1769 4323 1883 4366 nec
1932 4299 2336 4366 conditionem
2378 4298 2579 4383 accepi
2607 4319 2717 4364 nec

325 4387 552 4474 aliquid
579 4389 878 4476 respondi.
967 4388 1167 4462 Quam
1195 4388 1273 4453 ob
1304 4409 1496 4454 meam
1545 4388 1893 4474 patientiam
1921 4387 2012 4453 illi
2038 4389 2129 4453 ira
2168 4385 2379 4471 perciti
2420 4384 2721 4470 ringentis

326 4497 448 4556 ora,
477 4476 940 4562 minitantesque
995 4475 1200 4542 vultus
1229 4476 1296 4540 in
1321 4497 1420 4540 me
1467 4473 1724 4540 vibrant.
1813 4475 1895 4540 In
1921 4474 2117 4538 media
2160 4472 2295 4538 aula
2320 4493 2540 4558 magno
2567 4495 2716 4558 rogo

327 4569 690 4642 constructo,
719 4563 1040 4650 subitoque
1087 4584 1340 4629 accenso
1389 4583 1487 4626 me
1535 4561 1857 4648 imponunt
1905 4559 2159 4646 pedibus
2209 4565 2389 4644 atque
2438 4558 2717 4626 manibus

327 4647 620 4733 ligatum:
665 4673 773 4737 per
821 4651 1095 4716 ardentes
1125 4651 1392 4715 flammas
1441 4649 1646 4713 ferreis
1672 4648 1847 4714 uncis
1874 4647 2014 4726 huc,
2042 4646 2191 4712 illuc
2240 4645 2507 4726 trahunt,
2538 4647 2719 4712 simul

329 4733 498 4802 elatis
523 4737 882 4803 clamoribus
909 4737 1057 4803 mihi
1083 4745 1366 4804 terrorem
1385 4735 1739 4822 injicientes.
1786 4733 1905 4800 Sed
1934 4757 2047 4820 ego
2064 4755 2291 4800 memor
2306 4733 2715 4800 mandatorum

335 4843 464 4907 qua:
513 4831 576 4889 et
621 4824 734 4890 viri
783 4824 1116 4906 duodecim,
1169 4832 1232 4890 et
1279 4822 1626 4892 monasterii
1674 4843 1896 4909 proeses
1946 4822 2095 4888 mihi
2164 4819 2476 4902 dederunt,
2569 4821 2611 4886 J
2612 4841 2723 4886 esu
