3634 5842
887 710 1011 772 248
1301 707 1722 773 o'suntnvAm
1767 726 2081 773 HISTORIAE
2124 726 2514 787 cunonem,
2542 726 2693 772 rou.
2726 726 2829 771 111.
2982 709 3139 793 [ms.
3158 728 3280 773 vn.

881 886 1032 951 tudo
1060 884 1279 972 pedum
1327 887 1542 973 viginti
1593 908 1715 966 sex,
1767 885 2028 952 latitudo
2054 908 2176 965 sex,
2210 892 2273 951 et
2301 886 2554 953 altitudo
2575 887 2859 971 quinque,
2930 892 3283 972 raeterquam

885 973 1047 1059 quod
1077 973 1150 1038 ad
1179 974 1398 1037 fluetus
1427 971 1845 1059 propellendos
1873 996 2047 1059 prora
2074 973 2264 1059 magis
2294 973 2663 1058 aliquantum
2692 974 2888 1037 emine
2930 980 3008 1037 at.
3076 974 3283 1039 Altera
3322 1035 3336 1049 ‚

885 1061 1074 1138 navis,
1105 1060 1274 1145 cujus
1304 1059 1717 1125 construendae
1746 1060 1977 1145 equites
1995 1059 2279 1126 O'Mallae
2306 1060 2577 1145 magistri
2604 1064 2792 1139 erant,
2812 1058 3134 1125 viminibus
3154 1061 3281 1125 sine

892 1147 1044 1232 'ugis
1073 1153 1351 1221 contexta
1377 1146 1602 1212 habens
1645 1146 1906 1212 carinam
1946 1145 2246 1213 circularis
2275 1148 2499 1227 formae,
2530 1148 2715 1212 instar
2742 1168 2980 1233 parmae,
3010 1152 3074 1212 et
3100 1146 3281 1212 latera

910 1256 1066 1319 onge
1094 1232 1320 1312 altiora,
1353 1254 1532 1319 quam
1579 1234 1778 1298 carina
1824 1232 2117 1320 exigebat,
2150 1239 2432 1299 contenta
2473 1234 2589 1298 fuit
2617 1255 2739 1298 uno
2768 1234 2907 1319 equi
2948 1233 3129 1312 eoric,
3158 1255 3278 1319 quo

885 1322 1086 1385 carina
1115 1328 1206 1385 est
1235 1320 1513 1385 obducta.
1591 1320 1709 1385 Hae
1737 1342 1919 1385 naves
1938 1321 2016 1387 ad
2034 1320 2270 1387 Sininni
2286 1342 2451 1386 oram
2470 1320 2711 1385 nomine
2731 1319 3282 1386 Por-tulaehanum*

881 1406 1144 1471 militum
1174 1406 1435 1472 humeris
1463 1414 1648 1472 noctu
1693 1414 2026 1492 portantur,
2080 1406 2299 1493 quibus
2352 1406 2785 1472 O’Sullevanus
2814 1430 2954 1471 suos
2982 1407 3133 1473 clam
3164 1416 3277 1473 tra·

881 1493 1067 1578 jicere
1095 1496 1294 1579 coepit.
1383 1494 1664 1559 O'Mallae
1709 1493 1928 1559 milites
1980 1496 2179 1561 decem
2212 1516 2381 1559 suam
2409 1495 2609 1560 navim
2640 1494 3067 1560 conscendunt.
3150 1494 3279 1561 Cae-

889 1586 1084 1645 terum
1112 1583 1301 1660 navis,
1322 1603 1460 1646 cum
1489 1602 1704 1667 parvae,
1724 1588 1857 1645 tum
1884 1582 2102 1668 ineptoe
2130 1587 2443 1647 structurae
2474 1580 2735 1667 pondere
2762 1604 2966 1667 pressa
2991 1584 3058 1647 in
3084 1582 3277 1648 medio

884 1668 1132 1731 flumine
1161 1690 1298 1732 cum
1349 1666 1692 1733 hominibus
1733 1666 2030 1734 obruitur.
2118 1668 2417 1755 Dermysii
2446 1668 2634 1747 navis,
2666 1690 2799 1754 quae
2828 1668 3077 1754 triginta
3102 1668 3279 1735 simul

885 1762 1142 1906 arulilatos
1185 1754 1476 1840 capiebat,
1507 1754 1653 1819 alios
1682 1754 2008 1821 incolumes
2036 1755 2360 1834 transtulit,
2386 1777 2575 1840 equos
2618 1762 2830 1820 nautoe
2858 1754 2896 1819 ὲ.
2921 1756 3111 1843 puppi
3138 1756 3277 1822 loris

883 1848 976 1905 tra
1023 1857 1148 1906 ens.

971 1928 1217 1993 Oriente
1245 1926 1343 1991 die
1370 1935 1508 2011 post
1535 1927 1754 1993 milites
1781 1928 2159 1992 transmissos
2181 1928 2437 1994 donatus
2465 1928 2608 1995 Mac
2624 1928 2929 2015 Eoganus,
2950 1930 3053 2015 qui
3072 1928 3275 2017 Sylvas

885 2012 1119 2079 Rubras
1157 2013 1442 2098 (Guillthe
1473 2014 1678 2095 Rua)†
1707 2014 2016 2080 castellum
2045 2037 2229 2102 prope
2258 2014 2519 2095 tenebat,
2550 2023 2775 2081 armata
2816 2038 3000 2083 manu
3026 2017 3276 2103 impedi-

884 2107 1088 2165 menta
1137 2100 1623 2179 circumveniens,
1679 2102 1860 2187 coepit
1904 2102 2162 2166 sarcinas
2204 2101 2475 2189 diripere,
2506 2103 2783 2169 calonum
2832 2125 3041 2169 cruore
3083 2104 3275 2170 solum

885 2187 2119 2339 {ffigffssfflssssioessnffissspalssfflss
2134 2189 3277 2343 flfflfflffifflffissffi

884 2360 1137 2439 insidiis,
1169 2358 1244 2423 ab
1262 2296 2021 2445 O'Sullevanogdtilspbsitus,
2038 2369 2112 2426 ut
2122 2298 2497 2427 tdommodius
2524 2364 2724 2429 eaeteri
2751 2365 2976 2431 flumen
3004 2328 3273 2431 traduce-

884 2453 1110 2526 rentur,
1143 2468 1283 2511 suos
1309 2446 1375 2511 in
1459 2470 1683 2533 ugnam
1733 2447 2076 2513 cohortatus
2124 2448 2434 2515 Donatum
2484 2450 2806 2537 improviso
2852 2452 3097 2517 adortus
3139 2474 3276 2517 cum

885 2532 1203 2599 comitibus
1254 2533 1402 2618 quin
1443 2534 1594 2599 eeim
1643 2533 1961 2600 interficit:
2006 2535 2265 2622 reliquos
2287 2536 2631 2602 vulneribus
2673 2536 2796 2603 fere
2824 2538 3063 2604 affectos
3089 2540 3155 2604 in
3182 2540 3275 2603 su-

1052 2621 1253 2686 vertit.
1341 2620 1791 2708 Catapultarum
1842 2622 2045 2688 sonitu
2094 2624 2335 2689 excitati
2376 2624 2593 2690 accolae
2642 2624 2720 2690 ad
2746 2631 3062 2711 utramque
3086 2626 3279 2712 ripam

881 2642 1147 2773 {uffiinis
1175 2708 1505 2774 confluunt.
1598 2707 1800 2780 Quare
1844 2708 2103 2775 Thomas
2155 2733 2293 2776 cum
2322 2710 2788 2792 excubitoribuS,
2818 2714 3090 2791 faeminae,
3122 2712 3274 2778 calo-

881 2816 1107 2880 nesque
1133 2794 1530 2881 trepidatione
1559 2802 1745 2875 tanta,
1777 2801 1839 2860 et
1864 2797 2133 2862 tumultu
2158 2797 2501 2863 naviculum
2526 2799 2832 2884 implendo
2862 2798 3273 2885 submergunt,

879 2881 966 2947 ita
1015 2889 1218 2947 tamen
1261 2880 1528 2968 proxime
1574 2882 1650 2948 ad
1699 2906 1883 2962 oram,
1934 2892 2005 2949 ut
2054 2907 2233 2950 nemo
2262 2886 2532 2971 perieret.
2562 2893 2625 2950 et
2652 2888 2817 2951 navis
2858 2888 3077 2963 iterum
3106 2887 3275 2973 aquis

881 2967 1177 3033 subducta
1203 2968 1574 3035 excubitores
1601 2970 1913 3056 trajecerit.
2000 2970 2252 3038 Calones
2294 2972 2395 3037 alii
2422 2972 2622 3038 nando
2666 2974 2891 3039 flumen
2919 2980 3270 3061 penetrant:

880 3053 981 3119 alii
1008 3077 1132 3120 non
1159 3055 1318 3120 facta
1343 3078 1450 3142 per
1489 3063 1861 3122 accurrentes
1914 3058 2142 3123 accolas
2186 3058 2629 3124 transmittendi
2752 3067 2965 3127 testate
2992 3062 3058 3126 in
3084 3062 3272 3126 varias

877 3147 1074 3225 partes
1123 3140 1392 3227 dissipati
1441 3165 1567 3207 sese
1611 3143 1935 3209 occultant.
2022 3144 2265 3224 Navim,
2296 3168 2373 3211 ne
2402 3147 2481 3211 sit
2508 3084 2783 3212 host'biis
2811 3149 2969 3229 usui,
3000 3147 3273 3213 O’Sulle-

880 3248 1069 3291 vanus
1090 3226 1265 3313 jubet
1293 3228 1614 3293 dilacerari.

1906 3690 2086 3757 CAP.
2133 3691 2215 3756 X.

1091 3912 1489 3969 O'Sullevanus
1511 3910 1694 3984 regias
1718 3910 1903 3981 copias
1925 3909 2087 3981 longe
2110 3908 2419 3981 superiores
2444 3928 2672 3965 numero
2698 3912 2836 3968 mire
2862 3914 3063 3970 tundit.

875 4116 975 4183 Ex
1021 4116 1212 4183 amnis
1257 4115 1376 4180 oris
1429 4111 1827 4178 O'Sullevano
1857 4106 2251 4195 proficiscenti
2279 4129 2356 4173 ne
2385 4115 2688 4174 momento
2716 4108 2955 4196 quidem
2986 4114 3267 4201 temporis

871 4205 947 4270 ab
976 4203 1240 4271 hostium
1269 4197 1780 4267 occursationibus
1807 4196 2035 4261 vacatio
2059 4194 2252 4259 datur.
2341 4193 2527 4259 Illum
2549 4194 2915 4263 O'Madinus
2936 4199 3263 4267 incolatum

871 4290 1136 4359 tumultu
1167 4289 1420 4355 conflato
1451 4284 1774 4351 missilibus
1801 4282 2010 4369 carpit.
2102 4279 2341 4351 Quibus
2370 4281 2521 4346 nihil
2562 4285 2803 4348 territus
2832 4283 3267 4353 O’Sullevanus

941 4556 966 4581 ·
986 4552 1127 4605 Now
1155 4546 1445 4610 Pol-fiand,
1468 4546 1526 4600 in
1549 4545 1642 4600 the
1665 4540 1852 4615 parish
1876 4540 1942 4596 of
1959 4540 2423 4596 Lon-ha—Four
2446 4540 2707 4610 Manen,
2734 4560 2787 4615 p.
2807 4546 2967 4609 2319,
2990 4545 3116 4601 who
3142 4548 3269 4602 sub·

873 4622 1149 4694 stantially
1174 4619 1530 4675 corroborate
1555 4616 1648 4670 the
1675 4622 1808 4669 text.

943 4697 972 4762 †
1010 4694 1165 4747 Four
1193 4692 1446 4754 masters,
1471 4708 1525 4761 p.
1553 4687 1713 4746 2317.
1791 4685 1999 4755 Egan’s
2024 4683 2213 4745 castis,
2238 4686 2279 4717 ‘⁶
2298 4681 2479 4737 Goilte
2503 4682 2734 4748 ruadh‚”
2756 4685 2792 4739 ε’.
2816 4704 2861 4741 e.
2890 4684 3169 4753 Kiltaroe,
3194 4709 3267 4745 on

869 4766 964 4819 the
993 4762 1272 4827 Shannon,
1293 4760 1475 4831 parish
1501 4760 1566 4815 of
1596 4757 1833 4821 Lorrha,
1857 4753 2103 4826 opposite
2127 4753 2223 4807 the
2247 4753 2389 4807 ford.
