3634 5842
843 692 966 753 106
1249 686 1696 751 o’sunnsvmffl.
1741 703 2056 751 amoma
2100 702 2487 764 cunonem,
2531 704 2680 750 rom.
2712 704 2787 749 11.
2932 684 3089 769 [mn.
3136 704 3227 749 ιν.

837 860 1082 932 minime
1127 859 1268 926 licet
1317 858 1600 925 occulere.
1690 858 1825 924 Hac
1874 858 1950 924 de
1996 880 2063 923 re
2108 856 2263 923 nihil
2302 856 2616 943 episcopus
2664 856 2909 925 retulit:
2976 878 3237 945 cumque

839 946 1252 1035 questionibus
1279 948 1690 1013 admoveretur
1715 944 2013 1023 manibus,
2042 951 2105 1009 et
2154 942 2426 1010 cruribus
2466 941 2678 1009 malleo
2722 942 2945 1023 fiacus,
2990 944 3235 1011 aciculis

837 1036 994 1101 inter
1021 1056 1254 1120 ungues
1281 1054 1588 1111 manuum,
1637 1040 1698 1098 et
1747 1054 1951 1099 carnes
2000 1032 2217 1110 infixis,
2247 1030 2399 1097 nihil
2425 1028 2669 1097 tandem
2696 1031 2979 1119 prodidit.
3068 1032 3235 1099 Sacri

879 1121 1108 1189 raesulis
1153 1120 1405 1207 vestigia
1453 1120 1721 1207 sequitur
1764 1118 2059 1205 intrepide
2106 1118 2303 1183 socius
2344 1116 2651 1184 Donatius.
2736 1118 2969 1185 Ambos
3013 1117 3243 1186 Prorex.

932 1207 1184 1274 mnacha
1226 1208 1291 1273 in
1341 1206 1885 1292 Kilmuchallogam
1936 1205 2223 1291 oppidum
2264 1204 2498 1284 detulit,
2527 1203 2731 1291 ibique
2779 1206 2959 1271 morti
2987 1205 3235 1273 addixit.

839 1295 996 1363 Cum
1023 1294 1099 1361 ad
1125 1293 1482 1381 patibulum,
1513 1294 1676 1379 quod
1703 1316 1831 1360 non
1880 1292 2064 1377 longo
2112 1291 2425 1359 intervallo
2472 1290 2549 1357 ab
2600 1292 2807 1379 oppidi
2834 1298 3009 1379 porta
3035 1293 3239 1360 aberat

839 1383 908 1448 in
933 1380 1168 1447 tumulo
1197 1387 1478 1460 ereetum,
1508 1382 1823 1460 fen-entur,
1854 1380 2169 1466 episcopus
2216 1379 2565 1445 concionem
2592 1401 2836 1446 exorsus
2877 1380 3028 1445 mira
3055 1381 3239 1447 animi

841 1469 1160 1548 alacritate,
1209 1490 1462 1553 raroque
1513 1468 1831 1533 verborum
1878 1466 2115 1533 delectu
2164 1488 2303 1531 cum
2348 1472 2553 1531 sancta
2598 1465 2868 1534 doctrina
2916 1468 3241 1554 conjuncto

883 1555 1132 1642 opulum
1158 1556 1224 1621 in
1253 1554 1370 1621 fide
1397 1554 1702 1621 Catholica
1749 1554 2099 1619 confirmat:
2144 1551 2221 1619 ab
2250 1552 2545 1619 erroribus
2593 1552 2933 1639 Anglorum
2962 1552 3237 1620 deterret.

903 1643 1120 1729 enique
1145 1643 1382 1728 proregi
1410 1642 1568 1707 diem
1617 1640 1764 1707 dicit
1814 1640 1890 1705 ad
1938 1640 2300 1706 reddendam
2342 1640 2633 1706 rationem
2680 1641 2769 1705 ini
2806 1662 2905 1706 uae
2932 1642 3243 1707 sententiar

841 1736 1050 1797 contra
1076 1751 1140 1795 se
1168 1730 1368 1815 episco
1410 1752 1516 1795 um
1564 1735 1836 1807 unctum,
1866 1733 1928 1792 et
1956 1727 2183 1793 socium
2232 1726 2618 1807 sacerdotem,
2646 1732 2709 1791 et
2827 1727 3081 1813 ‘giosum
3108 1750 3241 1795 cru-

843 1817 1054 1884 deliter
1101 1815 1256 1896 latae,
1301 1817 1370 1902 ju
1415 1838 1521 1881 ens
1565 1816 1807 1881 nomine
1852 1814 2103 1880 Domini
2150 1835 2308 1894 eum,
2358 1820 2430 1879 ut
2472 1820 2613 1881 ante
2639 1813 2937 1880 decimum
2966 1816 3245 1901 quintum

845 1903 1004 1971 diem
1029 1903 1202 1969 sistat
1230 1925 1294 1969 se
1319 1925 1429 1989 pro
1459 1903 1661 1969 divino
1689 1901 1993 1967 tribunali.
2080 1900 2255 1967 sslico
2284 1902 2473 1967 nostri
2489 1900 2785 1987 Martyres
2800 1902 3250 1987 suspenduntur

842 1992 1056 2076 laqueo
1085 1991 1244 2057 facto
1271 2010 1347 2055 ex
1375 1988 1632 2077 cingulis
1661 1990 1861 2068 sacris,
1892 1987 2113 2074 quibus
2128 1988 2430 2071 religiosas
2447 1993 2640 2054 vestes
2668 1988 2973 2075 Seraphici
3002 1988 3249 2055 Ordinis

845 2076 1182 2236 3⁰53?
1207 2076 1326 2229 ..¹³
1365 2076 1610 2229 {aa
1631 2081 2075 2229 auam&
2118 2076 2541 2229 mma?
2555 2074 3247 2229 „wtizam

845 2211 1137 2337 trajectus,
1155 2272 1197 2337 p
1221 2248 1437 2317 umbeo
1507 2248 1589 2315 ilo
1615 2249 1692 2315 ab
1719 2248 1925 2334 Anglo
1952 2212 2385 2315 bombardario.
2474 2248 2577 2315 Ita
2602 2249 2723 2315 duo
2739 2184 3047 2336 planu-tyra
3074 2250 3247 2335 spiri·

847 2344 980 2407 tum
1008 2336 1257 2403 creatori
1283 2272 1688 2436 redditibrunt.
1779 2334 1963 2407 Quod
1984 2342 2047 2435 et
2074 2358 2197 2415 eos,
2218 2336 2325 2435 qui
2348 2336 2769 2435 interfuerunt,
2798 2337 3155 2436 conspicuis,
3184 2343 3247 2401 et

847 2424 1232 2511 apertissimis
1261 2446 1446 2510 signis
1474 2423 1694 2489 vidisse
1719 2422 1960 2489 affectos
1986 2422 2321 2489 incredibih
2348 2423 2561 2489 solatlo
2601 2430 2845 2510 propter
2872 2423 3243 2503 miraculum,

847 2511 1126 2581 nonnulli
1153 2517 1296 2577 sunt
1323 2511 1620 2577 authores.
1707 2510 1788 2575 Id
1815 2510 1962 2575 satis
2008 2516 2261 2590 constat,
2308 2530 2515 2575 eorum
2542 2532 2789 2597 corpora
2814 2511 2881 2577 in
2908 2511 3077 2577 furca
3102 2531 3245 2596 pen-

850 2598 1052 2666 dentia
1076 2619 1386 2683 nunquam
1415 2597 1491 2663 ab
1541 2596 1682 2663 ullis
1731 2596 2087 2663 animalibus
2134 2604 2315 2677 tacta,
2343 2597 2439 2663 vel
2486 2597 2733 2663 minima
2780 2597 3021 2664 laesione
3045 2598 3250 2663 inusta

849 2686 1051 2766 fuisse,
1083 2706 1222 2751 cum
1251 2684 1413 2751 aliud
1462 2684 1710 2751 cadaver
1757 2684 1941 2749 fuerit
1967 2708 2004 2750 a
2030 2684 2304 2751 molossis
2330 2683 2595 2764 canibus,
2628 2690 2689 2750 et
2730 2683 2940 2751 avibus
2969 2684 3247 2751 dilacera·

850 2780 1004 2841 tum.
1090 2772 1412 2857 Proregem
1461 2792 1702 2859 quoque
1747 2772 1867 2837 cito
1909 2771 2189 2837 incidisse
2215 2773 2281 2837 in
2309 2770 2837 2837 horrendissimum
2862 2770 3159 2852 morbum,
3190 2778 3251 2837 et

855 2859 1092 2946 ingenti
1119 2859 1322 2926 dolore
1351 2860 1698 2939 cruciatum,
1729 2858 2046 2925 insanabili
2072 2858 2172 2924 lue
2200 2858 2395 2925 indies
2440 2864 2897 2945 putrescentem,
2928 2860 3133 2927 satore
3158 2860 3250 2925 in·

856 2968 1176 3027 accessum,
1229 2947 1458 3012 decimo
1505 2952 1717 3031 quarto
1747 2944 1845 3011 die
1872 2969 1909 3011 a
1936 2944 2273 3033 Martyrum
2298 2952 2493 3011 morte
2520 2946 2779 3013 animam
2803 2945 3091 3033 perpetuo
3118 2968 3250 3011 cru-

857 3032 1138 3099 ciandum
1181 3033 1354 3099 malis
1399 3032 1598 3099 Furiis
1645 3032 1963 3099 tradidisse
2012 3032 2329 3120 Manapia.
2419 3032 2757 3119 Martyrum
2800 3056 3048 3121 corpora
3088 3031 3253 3099 brevi

853 3120 1099 3184 fuerunt
1123 3142 1161 3185 a
1187 3118 1508 3187 Catholicis
1533 3118 1911 3188 inhumatas*

1869 3576 2051 3643 CAP.
2089 3577 2242 3645 XII.

1429 3774 1516 3829 De
1542 3772 1766 3834 Mileto,
1789 3770 1931 3825 falso
1957 3770 2385 3843 Archiepiscopo
2417 3771 2676 3827 Oassilioe.

869 3950 972 4017 U‘r
999 3955 1198 4015 autem
1226 3968 1466 4034 aequum
1495 3950 1604 4024 est,
1635 3949 1891 4022 sanctos,
1924 3950 2101 4029 atque
2145 3942 2434 4028 gloriosos
2475 3944 2635 4008 viros
2676 3946 2780 4030 qui
2806 3946 2872 4012 in
2900 3948 3073 4013 terris
3100 3968 3256 4012 sum-

874 4060 1035 4105 mam
1082 4034 1342 4114 laudem,
1387 4038 1450 4099 et
1489 4032 1556 4097 in
1599 4030 1758 4095 caelis
1802 4037 2087 4095 aeternam
2127 4028 2485 4095 faelicitatem
2531 4032 2760 4097 meritis
2802 4036 3056 4100 assecuti
3098 4041 3258 4113 sunt,

707 4133 852 4204 [oh]
875 4125 1106 4204 litteris,
1138 4120 1538 4205 memoriaque
1559 4116 1841 4182 celebrari
1863 4145 1883 4198 ;
1910 4116 1995 4181 ita
2017 4138 2124 4202 par
2152 4138 2390 4202 quoque
2408 4116 2646 4183 videtur
2666 4119 3049 4206 flagitiosos,n
3084 4127 3259 4205 atque

875 4211 1138 4299 perditos
1168 4208 1437 4275 homines
1467 4204 1702 4270 silentio
1731 4222 1856 4268 non
1882 4204 2181 4288 praeterire
2208 4230 2222 4268 :
2269 4210 2339 4268 ut
2367 4226 2493 4270 non
2532 4206 2709 4271 modo
2737 4208 2859 4273 vivi
2888 4208 3073 4294 digna
3100 4208 3254 4272 vitu-

877 4300 1179 4387 peratione
1208 4300 1608 4371 coerceantur,
1639 4289 1741 4355 sed
1773 4312 1979 4354 eorum
2008 4290 2189 4355 etiam
2216 4312 2436 4357 nomen
2464 4293 2657 4358 omnis
2728 4296 2997 4360 osteritas
3027 4316 3256 4360 execre-

877 4399 996 4452 tur.
1086 4384 1302 4470 Itaque
1355 4379 1675 4458 MileruS,†
1704 4378 1885 4442 homo
1940 4400 2065 4443 non
2114 4382 2239 4443 tam
2281 4400 2496 4467 genere
2538 4316 2775 4460 nobilis,
2823 4404 3002 4467 quam
3048 4381 3262 4447 scelere

877 4472 1072 4539 clarus
1101 4494 1228 4538 sese
1257 4466 1559 4557 Religioni
1588 4464 1913 4544 addixerat,
1941 4463 2008 4529 in
2038 4486 2157 4550 qua
2183 4463 2362 4551 longe
2392 4472 2605 4552 praeter
2646 4466 2902 4554 regulas,
2948 4478 3010 4533 et
3038 4490 3261 4534 morem

931 4656 958 4683 ·
979 4654 1132 4709 ΑΛ).
1213 4654 1365 4712 1578.
1439 4652 1540 4707 see
1565 4620 1839 4702 Hibernia
1862 4644 2241 4730 pominicana.
2263 4662 2324 4729 p·
2356 4646 2480 4701 σοι.
3176 4718 3189 4733 .

873 4724 984 4853 wil:
1003 4725 1147 4867 13οὲ
1167 4724 1392 4847 ἕξοι-ἐ
1429 4721 1545 4785 life,
1582 4736 1672 4773 see
1717 4717 1919 4772 Har-ris
1947 4716 2135 4770 Ware.
2212 4715 2461 4786 Bishops.
2534 4717 2840 4774 Brennan's
2862 4718 3082 4773 Eccles.
3110 4716 3263 4774 Eut.
