3634 5842
879 730 1002 791 180
1283 725 1694 791 o'sunnnmm
1739 744 2052 790 iusronm
2082 744 2466 805 cunonem,
2510 744 2657 789 ron.
2690 744 2793 789 111.
2960 724 3115 807 [nm.
3161 744 3267 789 111.

876 899 1150 985 progredi
1180 898 1254 964 ab
1286 900 1428 964 O’N
1431 899 1542 963 ello
1594 897 1941 983 prohibetur
1968 899 2031 962 in
2062 905 2385 985 conspectu
2414 920 2552 963 cum
2582 896 2705 962 suis
2734 897 2919 983 copiis
2949 904 3265 963 castrame-

878 994 1002 1049 tato
1033 986 1096 1050 in
1126 987 1256 1071 ipso
1283 988 1514 1065 itinere,
1547 985 1703 1049 unde
1733 1006 1806 1049 ex
1858 985 2167 1049 commodo
2218 994 2418 1071 posset
2466 984 2735 1069 praeliari.
2824 984 3037 1049 Norris
3067 986 3265 1050 muni-

878 1079 1144 1136 mentum
1174 1072 1384 1158 incipit
1405 1072 1674 1150 condere,
1697 1072 1855 1156 quod
1886 1071 1959 1135 de
1990 1094 2098 1135 suo
2119 1074 2358 1136 nomine
2374 1071 2717 1136 Norrisium
2752 1072 2997 1154 (Mount
3014 1070 3079 1134 N
3080 1072 3255 1155 orris)

880 1158 1048 1223 dixit.
1137 1158 1431 1224 O'Nellus
1481 1180 1632 1243 opus
1682 1164 1931 1223 conatur
1972 1158 2273 1243 impedire.
2362 1158 2479 1224 Per
2504 1158 2727 1223 multos
2771 1157 2895 1222 dies
2922 1158 3257 1237 dimicatur,

879 1244 1106 1330 aliquot
1152 1247 1432 1331 utrinque
1483 1244 1831 1310 cadentibus
1882 1244 1987 1309 sed
2036 1246 2212 1329 regiis
2254 1244 2546 1397 flluribuS.
2635 1244 2911 1330 Denique
2952 1244 3017 1308 N
3018 1246 3165 1310 orris
3194 1246 3261 1309 iu

878 1354 1035 1395 novo
1064 1334 1455 1411 munimento,
1485 1332 1688 1396 relicto
1709 1330 1982 1416 praesidio
2012 1332 2122 1396 sub
2152 1330 2255 1396 Wi
2302 1333 2481 1397 iamse
2512 1332 2679 1411 duce,
2710 1332 3041 1398 revertitur.
3112 1332 3263 1397 Post

880 1418 1052 1503 cujus
1080 1418 1336 1484 reditum
1365 1426 1426 1483 et
1471 1420 1584 1483 hoc
1629 1419 2066 1483 munimentum
2110 1425 2171 1482 et
2212 1418 2607 1484 Ardmacham
2658 1418 2803 1483 O'N
2804 1418 2953 1484 ellus
3003 1418 3165 1484 brevi
3193 1420 3260 1483 in

683 1528 859 1597 [144.]
883 1526 1050 1569 suam
1077 1512 1431 1591 potestatem
1459 1504 1730 1591 redigit,n
1753 1505 2139 1591 praesidiarios
2168 1512 2497 1571 commeatu
2524 1505 2990 1586 intercludendo,
3010 1528 3159 1592 quos
3188 1528 3259 1570 ex

881 1600 1056 1678 pacto
1103 1592 1427 1658 incolumes
1480 1592 1724 1657 dimisit.
1813 1592 2045 1657 Rursus
2095 1592 2311 1657 Norris
2352 1613 2489 1657 cum
2546 1593 2771 1657 viribus
2800 1592 3076 1657 omnibus
3104 1593 3260 1657 Ard-

881 1680 1149 1744 macham
1176 1701 1317 1744 recu
1359 1685 1586 1744 eratum
1633 1678 2042 1764 proficiscitur.
2132 1678 2212 1744 In
2256 1680 2575 1745 Auriterroe
2624 1678 2848 1763 ρΟι-ἱοτ)
2896 1678 3133 1758 finibus,
3184 1680 3261 1745 ad

883 1766 1183 1850 ecclesiam
1231 1702 1414 1831 Collis
1464 1766 1754 1831 Maculati
1807 1764 2277 1851 (Molachbreac)
2332 1764 2625 1832 O'Nellus
2681 1767 2884 1852 praelio
2943 1768 3259 1851 experitur,

881 1852 1199 1938 hostesque
1228 1852 1428 1917 turbat
1457 1859 1518 1917 et
1543 1852 1762 1931 fundit,
1795 1854 1898 1938 qui
1926 1875 1961 1918 a
1989 1852 2237 1918 Norrise
2262 1853 2519 1919 restituti
2546 1874 2808 1939 pugnam
2837 1853 3261 1939 redintegrant.

885 1938 1117 2003 Rursus
1168 1938 1242 2004 ab
1294 1938 1553 2005 O'Nello
1601 1938 2050 2005 fulminatorum
2107 1948 2168 2005 et
2214 1940 2354 2005 Mac
2384 1940 2619 2005 Guieris
2669 1940 2935 2026 magistri
2993 1941 3260 2024 equitum

887 2028 1082 2111 opera,
1115 2033 1176 2091 et
1204 2026 1424 2091 virtute
1471 2024 1929 2177 Ρτεᾶὼαηΐιιις
1974 2027 2235 2092 secundo
2264 2050 2299 2091 a
2327 2027 2391 2091 N
2392 2029 2573 2093 orrise
2600 2028 2929 2092 confirmati
2976 2034 3265 2092 renovant

885 2111 1174 2195 praelium.
1263 2112 1463 2177 Tertio
1493 2136 1527 2177 a
1639 2112 1875 2177 tholicis
1906 2114 2115 2179 acriter
2166 2112 2583 2179 dimicantibus
2610 2114 2742 2179 loco
2770 2112 2994 2192 cedere,
3024 2112 3261 2200 pedem-

887 2218 1003 2283 que
1031 2199 1245 2263 referre
1273 2198 1728 2284 compelluntur,
1751 2205 1811 2265 et
1838 2200 2036 2285 ipsum
2065 2200 2374 2266 Norrisem
2410 2198 2787 2265 bombat-dica
2814 2200 3029 2286 glande
3058 2201 3259 2266 vulne-

883 2290 1079 2349 ratum
1107 2285 1282 2350 multi
1323 2284 1656 2371 perhibent.
1746 2285 1884 2352 Hoc
1914 2286 2009 2351 die
2037 2288 2347 2373 utriusque
2374 2288 2558 2373 parti·
2586 2288 2831 2373 equites,
2878 2287 3017 2353 Mac
3056 2287 3263 2354 Guieri

883 2370 1139 2458 palmam
1167 2394 1290 2439 non
1319 2372 1535 2459 injuria
1563 2373 2046 2437 concesserlmt.·³‘·

1886 2838 2065 2904 CAP.
2116 2838 2230 2903 IX.

883 3052 1082 3107 Norris
1107 3054 1164 3107 in
1193 3052 1514 3108 Connachta
1539 3070 1662 3107 cum
1693 3051 2004 3108 O'Donello
2031 3052 2252 3176 detpace
2276 3052 2486 3107 frustra
2509 3052 2643 3125 agit,
2666 3059 2724 3107 et
2746 3052 3107 3109 bellum-nihil
3128 3052 3259 3107 felix

1984 3141 2104 3195 geri
2133 3163 2148 3176 .

879 3318 1042 3382 Pos'r
1071 3316 1224 3380 diem
1255 3316 1416 3380 hunc
1469 3337 1592 3379 non
1644 3316 1897 3399 amplius
1947 3314 2260 3381 Norrisem
2290 3338 2426 3381 cum
2456 3316 2600 3381 O'N
2602 3316 2715 3381 ello
2746 3318 2916 3403 signa
2944 3318 3261 3384 contulisse

880 3403 1196 3488 comperi0.
1310 3402 1386 3466 In
1431 3402 1841 3467 Connachtam
1889 3424 2028 3467 vero
2078 3402 2420 3489 profectus†
2477 3403 2821 3469 Anthloniae
2878 3405 3145 3470 consedit
3200 3413 3263 3472 et

881 3491 1032 3555 vires
1091 3512 1295 3553 omnes
1353 3496 1693 3575 congregat.
1789 3488 1883 3553 Eo
1940 3490 2303 3554 conveniunt
2356 3488 2660 3555 Tomoniae
2718 3498 2779 3555 et
2834 3489 3261 3557 Clanrichardae

883 3578 1145 3654 comiteS,
1198 3576 1464 3655 NavaliS,
1516 3576 1730 3661 aliique
1778 3582 2083 3661 magnates
2114 3575 2317 3641 Ibemi
2360 3576 2631 3642 factionis
2680 3577 2990 3663 Anglicae:
3037 3580 3263 3665 Anglo-

881 3664 1125 3741 Iberni;
1172 3663 1633 3741 Momoniarum,
1663 3662 1969 3748 Lageniae,
1993 3662 2241 3727 Midhiae
2268 3663 2570 3743 delectus;
2615 3664 2819 3729 Iberni
2848 3670 2907 3729 et
2950 3664 3133 3751 Angli
3166 3690 3259 3730 ve-

880 3752 1067 3815 terani
1090 3777 1108 3829 3
1154 3748 1484 3814 subsidium
1514 3772 1585 3813 ex
1615 3750 1835 3834 Anglia
1856 3770 2010 3813 nove
2030 3750 2299 3813 missum.
2388 3749 2610 3815 Decem
2628 3751 2859 3815 circiter
2885 3752 3068 3817 millia
3095 3755 3257 3837 equi-

881 3845 1059 3916 tatus,
1112 3844 1173 3901 et
1220 3837 1516 3922 peditatus
1567 3836 1841 3901 babuisse
1892 3836 2097 3901 fertur.
2188 3836 2383 3907 Quem
2434 3846 2639 3903 contra
2698 3836 3067 3904 O'Donellus
3124 3863 3258 3904 suas

851 4095 856 4099 “
953 4088 976 4114 ‘
1015 4083 1333 4151 According
1369 4090 1429 4135 to
1454 4076 1548 4135 the
1574 4080 1806 4153 English
1850 4091 2127 4145 accounts,
2170 4081 2225 4135 N
2229 4082 2369 4135 orris
2411 4100 2520 4135 was
2562 4083 2857 4153 permitted
2882 4084 2949 4155 by
2978 4082 3169 4138 O'Neil
3196 4092 3256 4137 to

881 4154 1148 4210 revictual
1173 4155 1442 4225 Armagb.
1517 4152 1656 4215 Oox,
1679 4171 1738 4223 p.
1757 4156 1881 4218 412,
1920 4152 2184 4223 «Ianuar-y,
2216 4154 2366 4211 1597.
2444 4153 2567 4207 The
2590 4154 2751 4207 other
2786 4163 2970 4209 events
2994 4156 3255 4209 recorded

883 4228 941 4281 iu
963 4222 1324 4295 this⁸chapter
1348 4224 1419 4277 do
1443 4231 1541 4277 not
1565 4241 1764 4294 appear
1790 4225 1843 4276 in
1870 4224 1963 4277 the
1987 4224 2141 4277 Four
2184 4223 2440 4290 Masters,
2481 4224 2581 4279 but
2615 4226 2741 4295 they
2776 4244 2898 4297 may
2923 4227 2989 4280 be
3012 4227 3259 4280 received

886 4317 956 4352 on
981 4298 1073 4351 the
1099 4296 1250 4350 word
1275 4296 1340 4349 of
1354 4313 1457 4348 our
1481 4294 1681 4348 author
1704 4315 1718 4359 ;
1747 4312 1806 4349 as
1834 4292 2031 4347 Norris
2049 4312 2157 4347 was
2172 4294 2225 4347 in
2250 4294 2307 4349 M
2314 4312 2377 4357 av
2400 4294 2553 4357 1597,
2570 4294 2986 4368 ignominiously
3006 4297 3259 4369 deprived

886 4370 950 4422 of
967 4370 1049 4422 his
1068 4366 1352 4421 command
1377 4367 1432 4419 in
1457 4364 1668 4428 Ulster‚
1694 4366 1747 4419 in
1773 4374 2137 4436 consequence
2162 4365 2227 4418 of
2242 4365 2325 4419 his
2346 4351 2455 4419 bad
2477 4383 2705 4421 success.
2782 4368 2905 4423 Our
2938 4376 3058 4421 text
3092 4386 3261 4422 seems

885 4448 944 4494 to
971 4438 1246 4493 confound
1275 4438 1474 4493 Mount
1508 4436 1564 4490 N
1568 4437 1708 4489 orris
1735 4440 1830 4505 (10
1854 4437 2007 4490 miles
2032 4436 2175 4490 from
2214 4436 2467 4507 Armagh.
2487 4456 2556 4490 on
2580 4438 2673 4492 the
2698 4436 2900 4510 Newry
2924 4440 3087 4509 road)
3130 4439 3259 4493 with

887 4511 1152 4564 Portmor
1175 4527 1243 4562 on
1269 4510 1364 4563 the
1389 4508 1750 4563 Blackwater.

956 4584 985 4647 †
1025 4580 1168 4634 AD.
1201 4584 1352 4643 1596,
1379 4580 1535 4633 while
1581 4578 1776 4633 O'Neil
1822 4596 1929 4631 was
1956 4579 2202 4650 amusing
2224 4578 2318 4633 the
2345 4578 2577 4649 English
2616 4577 2744 4633 with
2784 4580 2945 4633 offers
2983 4579 3048 4632 of
3080 4598 3257 4651 peace.

884 4652 1032 4705 Four
1058 4652 1316 4717 Masters,
1342 4670 1396 4721 p.
1439 4654 1601 4713 2001,
1625 4650 1748 4703 who
1792 4650 2039 4704 estimate
2081 4649 2175 4703 the
2214 4648 2501 4703 combined
2540 4648 2717 4703 forces
2761 4650 2933 4704 under
2976 4650 3177 4704 Norris
3200 4660 3257 4705 at

879 4724 1094 4845 ‘2ngss
1174 4720 1294 4775 The
1319 4731 1552 4777 account
1576 4720 1642 4776 of
1658 4722 1766 4775 this
1794 4719 2125 4793 Connaught
2152 4719 2459 4791 expedition
2485 4718 2641 4788 (ibid)
2668 4738 2857 4792 agrees
2880 4720 3255 4793 substantially

878 4792 972 4845 wit
1028 4808 1130 4845 our
1155 4799 1288 4846 text.
2632 4810 2641 4817 ·
