3634 5842
910 702 1008 790 68·
1325 721 1735 785 o’sunmvml
1781 736 2091 781 ms'rosm
2135 734 2517 794 carrionem,
2560 734 2707 781 rou.
2754 734 2828 779 11.
3018 716 3175 800 [us.
3220 734 3269 779 1.

908 896 1200 965 Catholici
1223 896 1482 971 fuerunt,
1511 913 1806 977 capessere
1824 895 2175 955 statuerunt.
2259 888 2442 974 Apud
2468 888 2719 955 Ibernos
2745 894 2985 975 gentem
3008 889 3075 953 in
3100 911 3265 953 sacra

913 984 1152 1070 templa,
1183 980 1626 1064 sacerdotesque
1651 976 2059 1065 syncerissima
2082 976 2365 1061 religione
2390 976 2737 1056 mirandam,
2746 984 2871 1042 erat
2896 976 2997 1041 lon
3102 998 3265 1041 max-

913 1070 1033 1137 ime
1081 1067 1420 1147 execrabile,
1467 1064 1625 1151 quod
1669 1064 1858 1150 Angli
1906 1063 2277 1129 ecclesiarum
2328 1065 2698 1129 sanctitatem
2746 1063 2823 1129 ali
2864 1085 2986 1129 uan
3026 1086 3063 1128 o
3106 1064 3275 1163 justo

915 1160 1115 1224 minus
1169 1152 1575 1222 observabant.
1689 1151 1962 1217 Authore
2020 1148 2393 1215 Stanihursto
2463 1150 2779 1237 Philippus
2930 1150 3283 1237 igormensis

918 1243 1152 1330 Anglus
1179 1242 1432 1308 Iberniae
1459 1239 1535 1306 ab
1564 1237 1829 1304 Henrico
1856 1260 1996 1324 rege
2021 1237 2333 1322 praefectus
2374 1237 2441 1302 in
2466 1238 2597 1322 ipsa
2638 1236 3102 1323 quadragesim&
3130 1244 3281 1301 tem-

917 1353 1060 1418 pore
1109 1352 1291 1408 sacro,
1341 1350 1458 1413 quo
1507 1326 1798 1392 Catholici
1826 1325 1913 1411 pii
1959 1325 2071 1389 viri
2115 1330 2437 1389 erratorum
2485 1324 2671 1389 totius
2712 1326 2854 1389 anni
2880 1324 3283 1411 paenitentiam

919 1440 1090 1504 agere
1117 1415 1329 1494 solent,
1357 1412 1753 1479 Ardmacham
1779 1412 2031 1497 primam
2078 1409 2333 1475 Iberniae
2377 1410 2759 1497 Metropolim
2792 1410 2995 1476 adiens
3040 1411 3289 1475 extorsit

753 1530 897 1599 [aa]
919 1526 1201 1591 magnum
1245 1501 1510 1588 pecuniae
1555 1501 1674 1565 vim
1721 1521 1847 1564 non
1896 1499 2089 1564 solum
2116 1519 2152 1562 a
2178 1496 2349 1583 plebe
2376 1496 2479 1562 sed
2508 1496 2582 1563 ab
2632 1498 2777 1583 ipsis
2818 1497 3277 1581 sacerdotibus,ss

922 1615 1070 1678 quos
1097 1588 1419 1655 exactionis
1445 1589 1738 1653 immunes
1767 1608 1895 1651 esse
1924 1584 2325 1651 sacratissimae
2348 1583 2511 1669 leges
2538 1582 2965 1649 stabiliverunt.
3053 1584 3130 1649 In
3156 1584 3287 1670 ejus

921 1678 1208 1746 comitatu
1231 1676 1346 1741 fuit
1378 1674 1564 1760 Hugo
1593 1672 1845 1739 Tirenus
1874 1672 2051 1737 etiam
2078 1671 2335 1757 Anglus,
2365 1671 2470 1757 qui
2496 1692 2634 1735 cum
2668 1669 2890 1736 ibidem
2918 1671 3285 1737 sacerdotum

1001 1765 1296 1831 mnasium
1347 1760 1704 1846 diripuisset,
1733 1760 1999 1825 indidem
2042 1758 2252 1843 grandi
2307 1758 2716 1843 magnitudine
2771 1756 3027 1825 lebetum
3088 1780 3289 1823 secum

921 1790 1175 1919 fimum
1203 1849 1437 1927 detulit,
1465 1847 1572 1913 ubi
1599 1847 1728 1932 ejus
1756 1846 2146 1912 diversorium
2194 1851 2379 1911 noctu
2420 1846 2574 1909 forte
2782 1846 2888 1925 vit,
2918 1852 2980 1909 et
3006 1844 3293 1931 postridie

921 1938 1084 2005 lebes
1107 1939 1340 2021 integer
1365 1934 1684 2013 invenitur,
1713 1933 1991 1998 onerariis
2019 1930 2278 2009 caballis,
2307 1930 2523 2017 quibus
2550 1930 2699 1997 vehe
2738 1938 2871 1997 atur
2897 1933 3135 1999 flamm&
3148 1954 3291 1996 con-

927 2024 1200 2110 sumptis,
1231 2030 1293 2087 et
1317 2020 1568 2086 'Pirellus
1617 2020 1887 2106 quamvis
1934 2026 2154 2083 terrore
2197 2018 2485 2083 Numinis
2511 2018 2816 2103 perculsus
2842 2017 3095 2083 lebetem
3122 2017 3291 2083 resti·

925 2112 1128 2188 tuerit,
1157 2116 1358 2174 tamen
1383 2105 1604 2172 infelici
1632 2106 1796 2171 exitu
1822 2106 2053 2189 perivit.
2144 2103 2325 2177 Quod
2350 2105 2441 2170 illi
2466 2104 2769 2171 Dunensis
2794 2104 3126 2192 Episcopus
3154 2126 3289 2190 por-

926 2196 1190 2263 tendisse
1235 2194 1440 2260 fertur.
1529 2191 1810 2258 Giraldus
1862 2190 2204 2256 Giraldinus
2252 2190 2557 2257 Killdariae
2607 2214 2822 2271 comes,
2874 2192 2978 2279 qui
3032 2212 3293 2277 eousque

929 2282 1267 2368 Anglorum
1292 2280 1578 2365 majorum
1609 2300 1853 2343 suorum
1900 2300 2092 2343 mores
2140 2277 2430 2344 retinebat
2470 2278 2725 2344 Iberniae
2770 2280 3106 2365 praefectus,
3132 2278 3293 2364 apud

933 2369 1266 2435 Henricum
1293 2366 1609 2452 septimum
1636 2386 1837 2450 regem
1864 2372 1926 2428 et
1952 2363 2264 2429 consilium
2448 2364 2543 2430 lioe
2570 2366 2897 2446 convictus,
2924 2366 3128 2431 iniisse
3152 2388 3296 2431 con·

933 2456 1134 2522 silium
1158 2452 1458 2540 injiciendi
1483 2453 1684 2539 ignem
1713 2450 1945 2516 Gasilioe
1970 2450 2391 2537 Archiepiscop
2454 2454 2467 2466 “
2496 2452 2738 2537 templo,
2764 2452 3072 2539 respondit
3100 2452 3297 2517 “ideo

937 2567 1000 2608 se
1046 2543 1113 2607 id
1161 2542 1502 2618 decrevisse,
1555 2538 1715 2625 qubd
1773 2560 1883 2625 pro
1932 2560 1996 2603 re
2044 2540 2206 2605 certa
2248 2546 2309 2605 et
2359 2538 2695 2605 indubitata
2742 2562 2779 2604 a
2806 2538 3161 2625 quibusdam
3198 2562 3296 2604 ac-

938 2629 1177 2716 ceperit,
1229 2628 1556 2693 antistitem
1605 2632 1750 2690 tunc
1797 2625 2079 2712 temporis
2128 2626 2194 2691 in
2240 2625 2463 2713 templo
2512 2625 2757 2691 fuisse?
2847 2625 2986 2698 Quo
3012 2648 3296 2713 responso

939 2739 1076 2783 cum
1154 2716 1282 2801 regi
1365 2712 1727 2799 consilioque
1810 2712 1996 2777 risum
2080 2713 2511 2791 commovisset,
2586 2712 2893 2779 absolutus
2958 2712 3297 2779 dimittitur.

942 2803 1122 2877 Quod
1152 2802 1560 2867 Stanihurstus
1586 2801 1742 2866 inter
1767 2798 2024 2865 Kildarii
2048 2798 2253 2865 laudes
2280 2798 2475 2865 refert.
2562 2799 2701 2865 Alia
2740 2822 2865 2865 non
2892 2806 2983 2865 est
3023 2799 3185 2886 quod
3206 2822 3296 2865 re-

939 2892 1160 2956 seram:
1205 2889 1456 2974 longum
1480 2887 1689 2952 fuisset
1717 2886 1911 2951 dicere
1952 2885 2026 2951 de
2052 2886 2479 2953 molestissimis
2505 2886 2928 2967 exactionibus,
2958 2886 3301 2952 extortioni-

941 2978 1075 3056 bus,
1092 3063 1104 3075 ·
1124 2975 1198 3041 de
1245 2974 1428 3061 longa
1473 2974 1915 3053 comessatione,
1964 2973 2389 3073 perpotatione,
2441 2995 2586 3073 quas
2628 2972 2895 3053 ebrietas,
2924 2974 3301 3059 vomitusque

942 3058 3301 3244 {Zsssssseui’offssoffiegfffigssffi’1ffi22mul²1¹¹erff⁰fflmssffgfflffi

945 3236 1106 3313 cura,
1139 3240 1200 3297 et
1251 3233 1556 3298 severitate
1599 3234 1698 3317 jus
1741 3230 1893 3297 illud
1940 3230 2347 3312 observabant,
2399 3256 2519 3319 quo
2568 3242 2850 3300 caverunt
2874 3241 2947 3301 ut
2970 3235 3037 3299 in
3064 3234 3305 3300 Ibetnia

943 3323 988 3386 ii
1014 3326 1268 3398 tantum,
1299 3318 1402 3404 qui
1427 3340 1502 3383 ex
1529 3317 1744 3403 Anglis
1771 3317 2067 3383 ducebant
2100 3318 2404 3405 originem,
2434 3321 2528 3387 vel
2556 3320 2667 3386 sub
2696 3321 3030 3406 Anglorum
3054 3322 3303 3408 imperio

943 3407 1244 3474 Iberniam
1298 3405 1588 3483 adierunt,
1647 3410 1752 3469 aut
1805 3412 1877 3469 ut
1931 3403 2169 3470 brevius
2210 3405 2420 3487 dicam,
2470 3410 2612 3473 novi
2656 3407 2877 3488 Iberni,
2927 3415 3305 3494 magistratus

946 3499 1235 3581 gererent,
1283 3490 1554 3557 civilibus
1600 3490 1805 3557 officiis
1848 3492 2281 3577 fimgeruntur5
2348 3500 2408 3558 et
2458 3495 2733 3581 suffragia
2774 3496 2835 3560 in
2886 3502 3112 3575 senatu,
3184 3494 3305 3561 uod

943 3581 1395 3668 parliamentum
1437 3584 1819 3664 nuncupatur
1860 3578 2117 3645 ferrent:
2172 3587 2396 3645 veteres
2450 3588 2649 3647 autem
2706 3580 2910 3647 Iberni
2956 3604 3081 3647 non
3198 3584 3307 3647 'ter

941 3690 1140 3735 rerum
1183 3664 1553 3753 publicarum
1601 3664 2001 3752 gubernacula
2047 3672 2336 3752 regerent,
2387 3668 2565 3753 quam
2613 3668 2925 3735 accedente
2980 3668 3307 3735 extrinseca

945 3754 1202 3841 quadam
1219 3752 1693 3819 denominatione
1721 3752 1961 3840 physica
1980 3774 2081 3853 seu
2118 3753 2304 3819 civilis
2322 3755 2472 3841 juris
2494 3754 2795 3841 qualitate,
2812 3756 3071 3908 iffimm
3095 3776 3304 3841 regum

945 3838 1604 4004 Rssssfflfflff&
1642 3926 1654 3939 ·
1695 3838 2062 4006 “tuffiffhss
2080 3839 2410 4013 fflssssfiss‘
2425 3841 2894 4009 Ῑῖηᾝὲἳὲωρ
2923 3840 3305 3995 ciffi&

948 4016 1100 4102 palis
1121 4014 1274 4100 juris
1303 4011 1544 4077 donatio
1592 4013 1952 4078 nominatur.
2040 4012 2238 4100 Igitur
2265 4014 2517 4100 quadam
2560 4017 2711 4101 juris
2760 4016 3001 4102 Anglici
3048 4017 3302 4091 fictione,

947 4101 1178 4187 antiqui
1207 4098 1412 4164 Iberni
1439 4119 1560 4162 non
1589 4098 1886 4183 indigenae
1930 4099 2033 4165 sed
2062 4102 2244 4166 exteri
2284 4103 2462 4181 nasci,
2494 4108 2553 4166 et
2582 4102 2843 4189 hospites
2878 4104 2944 4167 in
2982 4105 3091 4169 sua
3116 4103 3307 4189 patria

941 4212 1070 4256 esse
1117 4184 1559 4272 reputabantur.
1645 4182 1798 4254 Quae
1842 4183 1939 4250 lex
1976 4188 2097 4272 juri
2141 4189 2409 4273 gentium
2448 4195 2510 4253 et
2538 4188 2790 4254 naturali
2816 4188 3177 4275 apertissime
3204 4187 3306 4254 ad-

939 4272 1404 4444 mm
1421 4272 1985 4423 aar&
1998 4274 3307 4446 gfflszffiffisiffimffiffim

1017 4457 1170 4528 nteS,
1199 4449 1377 4512 etiam
1407 4442 1676 4509 Gentiles
1726 4451 1788 4509 et
1815 4443 2079 4511 barbarae
2105 4448 2350 4527 firmam,
2376 4447 2921 4535 immutabilemque
2948 4449 3302 4515 custodiant.

939 4472 1181 4600 gabant
1209 4538 1407 4597 autem
1434 4529 1619 4615 Angli
1645 4553 1812 4617 reges
1840 4532 1955 4598 hoc
1997 4532 2098 4619 jus
2144 4534 2377 4600 Ibernis
2405 4534 2500 4600 vel
2525 4537 2731 4620 praetio
2758 4541 3185 4603 commutatum
3212 4537 3307 4601 vel

940 4644 1050 4707 pro
1077 4619 1302 4685 meritis
1327 4619 1394 4682 in
1419 4640 1483 4682 se
1511 4616 1756 4697 collatis,
1787 4619 1883 4684 vel
1930 4621 2316 4686 conferendis.
2410 4621 2575 4688 Hinc
2602 4629 2672 4688 ut
2698 4622 3054 4703 dicebamus,
3084 4631 3307 4689 veteres

939 4707 1144 4773 Iberni
1171 4705 1456 4791 primores
1483 4702 1559 4769 ab
1589 4706 1803 4790 Anglis
1832 4705 2071 4792 regibus
2098 4730 2219 4775 non
2246 4708 2601 4794 inaugurati,
2641 4716 2703 4773 et
2730 4710 2869 4775 novi
2896 4711 3076 4775 etiam
3102 4710 3307 4775 Iberni

937 4798 1242 4879 magnates
1289 4797 1551 4859 veterum
1605 4790 1958 4860 Ibernorum
2004 4816 2166 4861 more
2208 4795 2405 4875 creati,
2445 4795 2579 4881 jure
2606 4796 2977 4865 ferendorum
3004 4796 3069 4863 in
3099 4805 3309 4864 senatu
