3634 5842
399 729 536 773 car.
567 706 703 791 ιιι]
875 728 984 773 ,ΒΕ
1015 728 1314 778 αυΛΤυοῙι
1342 728 1563 778 panus
1597 728 2085 773 Psasscurmms
2118 728 2400 773 ponens,
2664 711 2787 771 269

398 882 585 931 noster
607 892 828 947 proi-ex,
853 879 939 933 vel
963 878 1080 949 ejus
1103 898 1329 936 munere
1351 878 1602 951 fungens,
1627 898 1658 933 e
1683 880 1953 933 sententia
1976 879 2411 934 consiliariorum
2437 878 2593 933 istius
2616 882 2792 953 regni,
2866 921 2873 931 .

398 964 561 1019 quam
585 946 714 1017 ipsis
738 950 1030 1022 prudentia
1051 950 1465 1023 praescripserit,
1488 952 1546 1005 in
1568 950 1692 1005 illos
1715 950 2130 1004 animadvertat.

469 1017 684 1093 Verum
700 1022 842 1076 enim
859 1038 988 1075 vero
1004 1022 1046 1076 si
1067 1023 1236 1095 aliqui
1250 1023 1546 1078 eorundem
1563 1021 1602 1077 J
1603 1022 1923 1084 esuitarum,
1940 1022 2284 1076 sacerdotum
2309 1020 2794 1086 seminaristarum,

399 1096 498 1142 aut
555 1092 892 1146 uorumlibet
913 1094 1276 1158 sacerdotum,
1319 1100 1461 1164 post,
1487 1094 1574 1149 vel
1597 1099 1724 1147 ante
1751 1093 1960 1146 dictum
1986 1093 2257 1165 decimum
2280 1092 2604 1147 Decembris
2631 1093 2795 1155 diem,

399 1177 510 1231 apu
570 1177 704 1231 pror
806 1180 880 1227 m,
905 1182 1111 1231 eumve,
1136 1167 1230 1237 qui
1270 1166 1530 1221 vicariam
1555 1165 1700 1217 illius
1724 1181 1950 1235 operam
1983 1163 2323 1235 praestiterit,
2426 1164 2795 1227 bernatorem,

400 1239 502 1285 aut
542 1234 744 1302 quemli
812 1242 838 1289 t
877 1236 1228 1289 consiliarum
1269 1237 1466 1290 summi
1509 1236 1674 1290 isthic
1713 1235 1891 1289 nostri
1934 1234 2144 1289 consilii
2180 1252 2295 1288 sese
2376 1235 2608 1299 ederint,
2631 1244 2797 1306 atque

401 1302 537 1356 adeo
562 1305 856 1360 voluerunt
878 1305 1159 1361 ecclesiam
1181 1316 1428 1361 nostram
1445 1307 1554 1361 rite
1578 1307 1931 1378 frequentare
1956 1305 2253 1359 secundum
2278 1306 2541 1377 regulam,
2568 1314 2625 1361 et
2648 1323 2795 1360 men-

401 1380 514 1426 tem
539 1384 853 1429 nostrarum
876 1376 1080 1448 legum,
1104 1378 1122 1430 i
1161 1378 1253 1443 sis,
1279 1386 1336 1431 et
1359 1380 1604 1449 ipsorum
1627 1376 1856 1449 singulis
1879 1376 1918 1431 J
1920 1376 2131 1440 esuitiS,
2166 1377 2522 1430 seminaristis
2546 1378 2795 1432 sacerdo-

401 1443 569 1508 tibus,
607 1455 665 1501 et
703 1446 822 1501 aliis
861 1397 1234 1504 sacerdotibus
1277 1449 1369 1520 qui
1396 1466 1510 1503 sese
1535 1450 1614 1504 ita
1636 1448 1989 1517 subjecerint,
2015 1448 2217 1533 quique
2240 1447 2448 1501 fuerint
2470 1448 2551 1501 ita
2574 1448 2795 1515 assensi,
2820 1476 2995 1546 [208]

403 1516 663 1585 quamdiu
696 1519 751 1571 in
788 1519 890 1571 hac
938 1521 1296 1574 unanimitate
1333 1520 1774 1591 permanserint,n
1816 1519 1981 1572 liceat
2020 1537 2079 1572 m
2117 1525 2225 1572 isto
2240 1548 2245 1554 ·
2260 1536 2433 1591 regno
2476 1536 2717 1581 manere,
2741 1527 2799 1573 et
2954 1515 2967 1529 ‘

401 1588 627 1650 morari,
669 1588 726 1643 in
763 1589 1008 1660 illudque
1045 1592 1270 1655 reverti,
1294 1608 1358 1645 ac
1401 1590 1650 1645 omnibus
1685 1596 2001 1644 nostrarum
2024 1589 2228 1661 legum,
2264 1596 2319 1643 et
2343 1589 2481 1674 regii
2506 1590 2799 1663 patronicii

401 1656 676 1713 beneficiis
711 1660 825 1715 frui
865 1667 980 1714 tam
1021 1661 1212 1725 libere,
1236 1670 1294 1715 et
1318 1661 1678 1724 abundanter,
1740 1679 1867 1716 uam
1892 1660 2011 1714 aliis
2034 1661 2239 1715 nostris
2260 1660 2509 1719 subditis.
2586 1661 2799 1717 Datum

404 1745 471 1780 ex
495 1730 650 1801 regia
672 1738 862 1785 nostra
887 1730 1476 1796 westmonasteriensi,
1493 1740 1690 1818 quarto
1745 1732 1796 1787 ie
1820 1731 1859 1786 J
1862 1732 1979 1795 ulii,
1994 1749 2137 1786 anno
2158 1732 2361 1787 domini
2380 1731 2665 1787 millesimo
2680 1750 2798 1785 sex-

403 1801 696 1855 centesimo
739 1802 946 1874 quinto,
989 1804 1158 1858 tertio
1201 1821 1333 1858 vero
1357 1810 1554 1868 nostri,
1589 1802 1748 1875 regni
1793 1803 2118 1865 Britanniae,
2169 1802 2385 1866 Galliae,
2412 1810 2468 1857 et
2496 1802 2797 1867 Hibernia,

407 1868 608 1926 Scotiae
633 1879 816 1927 autem
839 1873 1122 1945 trigesimo
1147 1892 1308 1930 nono.
1384 1874 1556 1928 Vivat
1580 1874 1729 1929 Rex.

409 2074 560 2141 Haee
589 2083 732 2142 sunt
759 2078 939 2144 edicti
985 2080 1206 2147 verba:
1251 2080 1369 2162 eui,
1422 2082 1584 2167 quod
1614 2081 1697 2147 ait
1725 2104 1797 2147 ex
1830 2082 2085 2148 Iberniae
2114 2081 2366 2169 legibue,
2399 2082 2802 2149 sacerdotibus

407 2169 586 2246 atque
613 2162 932 2231 Catholicis
961 2190 1166 2254 poenas
1194 2169 1443 2255 irrogari
1461 2170 1608 2234 fides
1631 2168 1903 2235 habenda
1926 2192 2049 2235 non
2082 2176 2191 2235 est.
2280 2169 2615 2256 Nunquam
2643 2172 2803 2236 enim

409 2247 612 2347 Iberni
641 2251 788 2316 tales
817 2252 978 2339 leges
1027 2256 1315 2335 tulerunt,
1363 2256 1458 2321 vel
1511 2279 1614 2341 per
1643 2256 1790 2322 alios
1817 2256 1955 2321 latis
1984 2258 2484 2342 obtemperarunt.
2574 2256 2804 2322 Verum

409 2334 648 2419 qmdem
677 2346 766 2401 est
796 2338 869 2403 ab
899 2340 1116 2426 Anglis
1144 2343 1327 2407 fuisse
1355 2343 1646 2422 conditas,
1677 2344 1782 2409 sed
1810 2342 1885 2408 ab
1916 2342 2151 2409 Ibernis
2180 2366 2487 2429 nunquam
2515 2350 2799 2429 receptas.

407 2420 589 2486 Unde
617 2426 1045 2505 contentionsa
1078 2450 1212 2514 quae
1237 2432 1369 2494 tota
1395 2432 1602 2495 nostra
1629 2429 1874 2495 historia
1915 2432 2317 2510 continentur,
2349 2436 2492 2496 sunt
2521 2438 2759 2497 secutae.

1439 2704 2169 2717 —--..—.„—-——.—.——-...-——-—

1427 2930 1608 2995 CAP.
1650 2928 1777 2994 111.

1230 3164 1462 3235 Aliquot
1487 3170 1666 3217 morte
1690 3163 2011 3235 puniuntur.

421 3382 684 3448 Rasum
713 3381 976 3448 edictum
1026 3380 1213 3466 Angli
1259 3385 1578 3467 properant
1607 3379 1943 3445 executioni
1970 3378 2269 3459 mandare,
2300 3386 2424 3445 tam
2451 3380 2517 3445 in
2546 3378 2813 3447 sacerdo-

421 3480 511 3535 tes
563 3470 744 3554 quam
787 3469 853 3535 in
897 3468 1052 3549 illos,
1106 3468 1210 3553 qui
1261 3465 1664 3533 sacerdotibus
1695 3467 1917 3532 victum
1950 3466 2411 3553 suppeditabant
2437 3466 2813 3533 bacchantes.

423 3556 466 3621 J
467 3557 728 3622 ohannes
755 3555 1002 3621 Burkus
1031 3575 1214 3641 eques
1262 3576 1478 3639 genere
1525 3552 1760 3633 nobilis,
1791 3554 2130 3640 pietateque
2159 3560 2219 3619 et
2248 3554 2497 3619 aliarum
2522 3553 2813 3619 virtutum

421 3648 768 3710 ornamento
817 3664 942 3706 non
993 3639 1299 3719 obscurus,
1346 3638 1715 3705 sacerdotum
1744 3646 2032 3724 patronus
2076 3639 2435 3705 clarissimus
2464 3638 2813 3719 habebatur,

423 3752 533 3795 nec
581 3729 820 3815 injuria.
909 3726 1109 3791 Britas
1159 3728 1287 3811 ejus
1338 3724 1644 3791 castellum
1688 3731 1814 3790 erat
1840 3726 2029 3790 instar
2054 3724 2357 3805 Ecclesiae,
2388 3726 2507 3811 quo
2537 3734 2599 3791 et
2626 3749 2814 3791 sacer-

422 3816 592 3881 dotes
622 3816 698 3880 ad
727 3814 1054 3879 Missarum
1083 3812 1369 3879 solemnia
1397 3811 1764 3891 celebranda,
1793 3819 1855 3876 et
1963 3810 2091 3898 puli
2118 3812 2357 3877 finitimi
2386 3812 2463 3878 ad
2490 3812 2815 3878 Missarum

423 3926 588 3969 sacra
615 3900 909 3967 audienda
937 3898 1334 3966 confluebant.
1421 3897 1550 3962 Vbi
1577 3900 1717 3963 cum
1746 3917 1867 3983 quo
1910 3921 2006 3963 am
2036 3898 2132 3964 die
2161 3898 2431 3965 sacerdos
2460 3922 2693 3965 sacrum
2722 3922 2815 3965 ce-

425 3988 678 4066 lebrant,
709 3987 784 4053 ab
815 3987 1030 4071 Anglis
1079 3985 1382 4072 equitibus
1409 3984 1714 4051 castellum
1743 3983 1989 4071 repente
2032 3984 2355 4053 obsidetur.
2427 3984 2817 4051 Obsidionem

426 4076 468 4141 J
470 4076 753 4152 ohannes,
784 4073 972 4139 donec
1003 4073 1272 4138 sacerdos
1302 4094 1536 4138 sacrum
1557 4083 1816 4157 peragat,
1839 4072 2113 4138 sustinet.
2203 4072 2359 4137 Gum
2377 4072 2518 4139 verb
2547 4072 2819 4138 sacerdos

427 4162 606 4229 saeris
655 4160 921 4226 vestibus
971 4160 1184 4238 exutis,
1235 4159 1412 4224 laicas
1461 4158 1772 4237 induisset,
1823 4164 1895 4223 ut
1943 4160 2126 4225 moris
2169 4166 2279 4237 est,
2323 4160 2481 4224 inter
2528 4158 2820 4247 populum

431 4250 600 4336 quasi
649 4248 945 4313 saecularis
991 4248 1192 4312 exiens
1238 4270 1273 4311 a
1322 4244 1799 4311 Protestantibus
1840 4247 2119 4331 cognitus
2148 4245 2625 4332 deprehenditur.
2715 4245 2757 4310 J
2759 4270 2821 4311 o-

427 4336 654 4403 hannes
704 4357 926 4421 equum
976 4332 1378 4399 conscendens
1425 4332 1650 4398 familia
1691 4334 1916 4399 armata
1954 4332 2317 4399 sacerdotem
2343 4332 2823 4397 Protestantibus

431 4424 774 4509 ademptum
821 4423 888 4487 in
937 4420 1267 4487 libertatem
1321 4420 1546 4486 asserit.
1637 4417 1734 4484 Ob
1786 4418 1947 4503 quod
1994 4443 2031 4483 a
2076 4421 2341 4506 quinque
2385 4418 2729 4485 cohortibus
2756 4420 2821 4484 in

429 4508 636 4576 eodem
685 4508 946 4588 castello,
991 4508 1157 4574 brevi
1198 4512 1338 4593 post
1366 4504 1672 4571 obsidione
1700 4505 1970 4570 vallatur.
2059 4506 2283 4572 Contra
2311 4526 2563 4591 quarum
2592 4528 2821 4592 oppug-

430 4596 733 4661 nationem
762 4596 1071 4661 castellum
1098 4594 1227 4660 dies
1254 4591 1605 4680 quindecem
1636 4598 1867 4657 tutatus
1896 4614 2033 4657 cum
2064 4594 2325 4677 quinque
2375 4600 2611 4657 tantum
2640 4594 2820 4658 comi-

432 4680 616 4762 tibus,
667 4682 921 4767 denique
970 4683 1126 4747 fame
1171 4684 1475 4768 premente
1525 4685 1712 4747 noctu
1737 4701 1843 4765 per
1870 4678 2097 4745 medios
2124 4680 2325 4745 hostes
2353 4702 2683 4765 erumpens,
2716 4680 2757 4744 J
2760 4702 2825 4745 o-

435 4766 630 4833 hanne
688 4767 1145 4835 O’Hollochano
1190 4767 1407 4835 amisso
1463 4788 1602 4833 cum
1659 4765 1903 4853 reliquis
1952 4776 2207 4851 quatuor
2252 4767 2567 4834 incolumis
2616 4770 2821 4833 evasit.
