3634 5842
311 783 448 828 car.
482 763 572 847 v.]
799 783 882 828 nn
928 783 1308 829 mer-nonnis
1354 783 1636 828 uomens
1681 784 1889 833 amur:
1937 783 2301 829 mammona.
2627 767 2707 829 41

307 937 351 1000 J
355 938 660 1002 udaeorum
689 959 812 1014 rex,
866 937 1058 1001 forma
1093 935 1406 1022 plusquam
1437 936 1597 1022 regia
1639 943 1700 1002 et
1730 937 1932 1002 divina
1974 937 2314 1023 praeditum,
2362 937 2489 1002 viro
2535 937 2710 1002 inno-

273 1098 290 1112 ·
311 1027 507 1089 centia
550 1035 612 1088 et
641 1022 956 1088 sanctitate
995 1022 1394 1102 excellentem,
1432 1023 1836 1088 mirandarum
1864 1046 2063 1089 rerum
2108 1025 2401 1110 opificem,
2434 1029 2495 1088 et
2539 1027 2704 1089 omni

307 1112 598 1175 virtutum
645 1115 993 1176 ornamento
1022 1111 1351 1194 fulgentem
1377 1111 1541 1176 falsis
1572 1111 1920 1176 criminibus
1960 1112 2150 1196 argui,
2175 1111 2385 1196 inique
2415 1111 2700 1191 damnari,

303 1196 649 1262 verberibus
679 1195 850 1276 affici,
874 1197 1034 1262 cruci
1063 1197 1303 1261 affixum
1329 1197 1394 1261 in
1424 1197 1691 1263 Calvario
1739 1203 1945 1263 monte
1987 1199 2240 1262 interfici
2284 1205 2345 1262 et
2388 1199 2706 1277 inhumari,

306 1285 413 1348 sed
433 1285 654 1347 iterum
675 1283 961 1348 divinitus
997 1283 1274 1348 revixisse
1293 1289 1353 1348 et
1397 1285 1776 1370 sepulchrum
1797 1285 1982 1348 fuisse
2012 1307 2331 1370 egressum.
2406 1285 2563 1350 Tum
2582 1309 2705 1364 rex,

309 1377 351 1405 “
372 1369 534 1448 hic,''
593 1371 852 1456 “inquit
879 1369 919 1400 ''
979 1391 1178 1435 revera
1206 1377 1298 1436 est
1327 1369 1486 1435 orbis
1515 1372 1702 1436 totius
1753 1370 2054 1436 Dominus
2084 1379 2144 1435 et
2187 1372 2404 1457 opifex,
2436 1392 2614 1458 quem
2644 1373 2708 1436 in

305 1456 604 1521 mundum
649 1457 830 1521 fuisse
886 1464 1205 1522 venturum
1247 1464 1588 1523 nostrorum
1629 1463 1837 1522 vatum
1872 1457 2368 1544 praesentionibus
2415 1459 2703 1543 proditur.

307 1543 464 1608 Inde
493 1543 832 1623 nonnullos,
864 1544 970 1630 qui
999 1543 1271 1624 Romam,
1323 1550 1407 1612 et,
1424 1545 1566 1609 alias
1616 1545 1887 1630 regiones
1946 1544 2284 1609 Catholicas
2342 1546 2699 1630 petiverunt,

305 1653 474 1695 sacro
523 1629 892 1716 baptismatis
941 1653 1073 1695 rore
1101 1631 1284 1712 fuisse
1313 1653 1564 1716 sparSOS,
1589 1631 1929 1716 eisdemque
1974 1630 2317 1696 doctoribus
2362 1631 2509 1696 alios
2540 1655 2702 1696 acce-

301 1718 462 1803 pisse
491 1717 704 1782 fidem:
753 1725 815 1783 et
864 1717 1095 1802 aliquos
1124 1718 1264 1782 vitae
1313 1719 1672 1803 integritate,
1705 1719 2140 1804 asperitateque
2170 1725 2229 1782 et
2258 1718 2557 1782 miraculis
2588 1717 2701 1782 ful-

303 1805 468 1882 sisse,
499 1805 562 1868 in
607 1826 682 1868 ue
710 1805 972 1870 caelitum
989 1805 1192 1882 fastos,
1223 1811 1403 1888 atquc
1431 1812 1652 1869 coetum
1681 1827 1810 1869 esse
1837 1804 2053 1870 relatos
2081 1804 2445 1890 perhibetur.

389 1891 456 1956 N
457 1913 537 1956 on
565 1825 822 1971 thesum,
873 1892 979 1990 qui
1009 1891 1238 1969 dicunt,
1290 1891 1334 1955 J
1335 1890 1588 1956 acobum
1633 1891 2005 1970 Zebedaeum,
2036 1893 2101 1956 in
2132 1891 2285 1956 hanc
2314 1889 2573 1956 insulam
2604 1915 2701 1981 ve-

301 1978 478 2043 nisse.
567 1978 663 2043 Ex
673 1979 784 2042 teri
807 2000 922 2042 scri
966 1983 1122 2042 tores
1151 1983 1449 2042 testantur
1476 2000 1660 2044 unam
1689 2001 1762 2042 ex
1795 1978 2053 2044 Iberniae
2082 1978 2325 2064 reginis,
2374 1998 2507 2064 quae
2538 1981 2703 2063 gravi

302 2064 660 2150 aegritudine
718 2065 924 2131 labora
965 2071 1047 2143 at,
1071 2063 1248 2130 simul
1276 2066 1342 2130 in
1369 2065 1678 2130 Christum
1706 2065 2037 2130 Dominum
2068 2065 2384 2131 credidisse
2411 2087 2701 2151 persuasu

303 2153 490 2217 Pictae
543 2152 638 2217 vel
685 2152 936 2218 Scoticae
954 2152 1208 2216 faeminae
1251 2159 1312 2218 et
1352 2151 1561 2218 morbo
1578 2153 1760 2217 fuisse
1803 2152 2092 2217 levatam:
2157 2152 2378 2237 reginae
2428 2151 2703 2236 precibus

299 2261 498 2324 regem
529 2239 872 2326 amplexum
891 2238 1072 2304 fidem
1098 2244 1276 2325 atque
1312 2239 1556 2304 clientes
1584 2239 1806 2304 multos
1837 2261 2047 2325 regum
2077 2239 2415 2325 exemplum
2434 2239 2699 2304 imitatos

298 2325 700 2392 Christianam
726 2325 1076 2412 religionem
1103 2349 1230 2391 esse
1261 2333 1585 2392 veneratos.

387 2413 546 2478 Satis
602 2419 806 2478 tamen
855 2414 1232 2498 comperitur,
1251 2436 1456 2478 omnes
1485 2436 1610 2478 non
1639 2435 1766 2479 esse
1789 2412 1865 2478 ad
1895 2413 2159 2479 veritatis
2188 2414 2561 2499 agnitionem
2602 2436 2694 2478 re-

301 2497 517 2564 ductos
575 2499 764 2564 donec
794 2499 1026 2564 circiter
1055 2522 1283 2564 annum
1323 2500 1544 2565 Christi
1575 2499 2229 2587 quadringentesimum
2274 2499 2571 2564 decimum
2600 2523 2699 2565 oc-

300 2593 507 2650 tavum
560 2585 750 2650 Divus
807 2586 1094 2651 Patritius
1145 2609 1180 2650 a
1209 2586 1477 2652 Romano
1506 2587 1796 2652 Pontifice
1842 2586 2170 2652 Coelestino
2246 2589 2280 2649 1
2328 2588 2545 2650 missus
2617 2589 2700 2652 eis

302 2671 680 2756 evangelium
708 2674 948 2759 caeperit
990 2673 1295 2758 divulgare
1321 2700 1336 2738 ε
1382 2694 1703 2758 omnesque
1749 2695 1916 2738 sacro
1944 2674 2111 2739 fonte
2140 2675 2297 2738 lotos
2325 2672 2697 2738 Christianos

303 2759 579 2837 effecerit,
611 2781 718 2844 per
773 2781 962 2824 annos
1010 2759 1402 2844 quadraginta
1444 2759 1676 2824 labores
1712 2758 1989 2844 ingentes
2047 2759 2417 2846 perferendo,
2467 2759 2697 2823 edendo

303 2846 494 2911 multa
534 2844 837 2924 miracula,
883 2846 1104 2932 templa
1133 2846 1437 2932 complura
1495 2846 1776 2932 erigendo
1827 2845 1953 2910 dies
2026 2846 2423 2933 quadraginta
2462 2845 2693 2930 je'unio

301 2933 678 2998 continenter
719 2932 1124 3018 transigendo,
1170 2955 1357 3017 aegras
1383 2933 1688 2998 liberando
1734 2931 1959 2997 morbis
1988 2939 2205 2998 natura
2246 2930 2511 2996 insanab‘
2544 2932 2729 3012 bus,-

300 3019 590 3104 ejiciendo
647 3019 972 3084 Doemones
1029 3020 1341 3085 hominum
1397 3018 1762 3106 corporibus,
1803 3019 2146 3085 hominibus
2205 3020 2454 3105 triginta
2502 3019 2696 3084 tribus

298 3108 484 3172 vitam
499 3105 889 3186 restituendo,
919 3106 1251 3193 purgatorii
1279 3129 1484 3193 poenas
1528 3106 1916 3172 ostendendo.

386 3194 484 3259 Ita
511 3194 672 3260 mille
701 3200 764 3259 et
793 3194 1036 3260 ducenti
1063 3194 1298 3259 circiter
1325 3195 1465 3260 anni
1505 3201 1666 3273 sunt,
1714 3214 1895 3280 quam
1936 3191 2143 3259 Iberni
2182 3193 2257 3260 ad
2298 3217 2506 3272 unum,
2536 3192 2695 3258 Divo

300 3281 554 3346 Patritio
624 3287 927 3367 receptore
976 3280 1268 3347 Catholici
1300 3281 1490 3350 effecti
1519 3281 1698 3346 fidem
1717 3281 1926 3347 colunt
1955 3287 2221 3346 sanctam
2264 3288 2325 3346 et
2352 3280 2697 3346 inviolatam

297 3367 524 3431 nullius
579 3305 820 3433 haeresis
847 3369 1202 3455 contagione
1256 3368 1649 3455 inquinatam.
1737 3368 1855 3433 Per
1894 3368 2011 3432 hoc
2039 3366 2153 3433 aevi
2180 3367 2483 3445 saeculum,
2514 3391 2695 3434 sacrae

223 3523 228 3526 ,
301 3453 606 3538 sapientiae
663 3461 724 3518 et
770 3454 1020 3520 aliarum
1065 3455 1370 3520 literarum
1419 3455 1654 3534 studiis,
1693 3454 2023 3520 innumeris
2052 3455 2193 3520 viris
2225 3455 2473 3536 doctiS‚u
2512 3461 2691 3539 atque
2717 3468 2863 3536 [39.]

300 3539 522 3604 sanctis
551 3562 620 3604 ea
645 3539 844 3605 insula
871 3541 1104 3620 claruit,
1132 3542 1473 3628 gymnasiis,
1505 3541 2056 3628 excellentibusque
2085 3541 2557 3627 praeceptoribus
2586 3563 2692 3606 no-

301 3625 552 3690 bilitata.
597 3625 693 3689 Ex
716 3647 785 3690 ea
802 3646 1040 3712 quoque
1056 3627 1352 3708 monachi,
1371 3628 1662 3707 doctores,
1686 3629 2132 3693 concionatores
2162 3629 2401 3713 egressi,
2422 3627 2695 3712 regiones

298 3712 446 3778 alias
475 3711 549 3777 ab
579 3711 824 3776 immani
851 3714 1090 3779 haeresis
1112 3722 1174 3778 et
1202 3736 1468 3779 errorum
1495 3715 1835 3800 pestilentia
1864 3721 1925 3778 et
1968 3713 2243 3778 faucibus
2293 3714 2417 3777 orci
2462 3712 2691 3799 eripue-

297 3807 461 3879 runt,
505 3799 858 3884 caliginosas
873 3799 1186 3864 hominum
1213 3807 1442 3864 mentes
1460 3800 1799 3865 Christiana
1831 3801 1966 3864 luce
1992 3799 2327 3865 lustrando.
2418 3798 2542 3864 Hic
2593 3821 2695 3864 ex-

298 3887 442 3952 teris
487 3885 832 3951 hominibus
931 3886 988 3950 ie
1033 3892 1094 3951 et
1140 3886 1442 3952 Catholice
1493 3885 1834 3964 educandis,
1888 3885 2153 3950 doctrina
2185 3892 2247 3950 et
2296 3886 2563 3951 moribus
2583 3886 2693 3950 im-

298 3973 570 4053 buendiS,
604 3979 773 4040 erant
800 3908 1050 4057 collegia
1077 3973 1420 4051 constituta,
1452 3971 1839 4058 vectigalibus
1867 3971 2245 4059 locupletata.
