3634 5842
436 722 574 768 0111».
619 701 844 786 xxm]
1196 716 1481 761 rasum
1525 720 1642 765 sus
1695 721 2107 767 suzanna,
2700 706 2822 770 131

473 897 691 941 uorum
720 877 910 962 regim
938 898 1155 960 magna
1182 896 1318 961 pars
1347 878 1533 952 erant,
1563 878 2029 941 castrametatur.
2116 876 2350 941 Eodem
2391 878 2477 941 ire
2516 878 2825 943 contendit

430 896 731 1027 g'NelJus
759 985 896 1028 cum
928 962 1289 1047 octingentis
1317 959 1608 1024 militibus
1631 981 1885 1045 quorum
1906 970 2073 1029 erant
2095 963 2228 1028 duae
2250 965 2427 1049 regiae
2450 964 2741 1044 cohortes,
2787 990 2824 1030 a

433 1048 740 1115 Gulielmo
769 1049 1096 1114 Mosthone
1124 1055 1185 1113 et
1215 1046 1533 1115 Surdano*
1583 1047 1798 1113 ductae.
1888 1048 2147 1115 Caeteros
2192 1050 2507 1139 plerosque
2564 1052 2819 1117 ductita-

429 1134 576 1201 bant
594 1136 738 1201 Mac
767 1135 1006 1201 Suinnii
1022 1135 1386 1214 Momonii,†
1414 1133 1666 1199 Maurus
1686 1145 2085 1223 cognomento
2118 1142 2161 1173 “
2181 1138 2419 1218 vacca,”
2440 1136 2815 1219 Meimurius,

428 1229 490 1287 et
536 1223 790 1288 Maurus
846 1222 1108 1309 Eugenii
1163 1222 1342 1301 filius,
1373 1220 1652 1286 avunculi
1674 1224 1811 1302 mei,
1846 1223 1951 1309 qui
1992 1222 2155 1303 belli,
2184 1245 2592 1311 novarumque
2619 1248 2817 1291 rerum

427 1309 636 1461 333¹.
655 1310 758 1461 :13¹
775 1308 2415 1482 tfflssfflffffljfffflffizgffflmn
2444 1311 2817 1465 5332&

425 1482 614 1569 Signa
630 1417 916 1569 utriiique
933 1484 1342 1549 conferuntur.
1388 1481 1564 1567 Regii
1592 1483 1787 1567 regios
1810 1484 2072 1567 aggressi
2091 1506 2213 1548 non
2233 1506 2305 1548 ex
2324 1421 2521 1549 animo
2553 1484 2656 1549 sed
2683 1508 2816 1571 per-

423 1569 718 1635 functorie
765 1578 988 1636 certare
1044 1569 1420 1647 videbantur,
1442 1568 1592 1633 nihil
1623 1568 1824 1633 damni
1840 1569 1934 1634 vel
1978 1569 2333 1654 accipientes
2350 1570 2439 1635 vel
2472 1572 2811 1637 inferentes.

421 1655 677 1721 Caeteras
727 1656 964 1723 baronis
1007 1657 1209 1743 copias
1253 1654 1552 1719 Momonii
1577 1654 1863 1735 fundunt,
1922 1656 2138 1741 fugant
2166 1664 2225 1721 et
2264 1656 2485 1722 multos
2531 1658 2815 1723 occidunt

423 1750 635 1827 praeter
651 1745 918 1809 omnium
937 1744 1278 1829 opinionem
1295 1764 1432 1807 cum
1441 1741 1665 1806 fuerint
1683 1763 1934 1807 numero
1952 1742 2297 1828 longissime
2315 1744 2641 1810 inferiores,
2660 1744 2814 1811 Inde

422 1836 674 1916 uterque
696 1830 770 1895 de
798 1830 1138 1917 principatu
1165 1828 1270 1894 illo
1299 1836 1536 1915 pactum
1567 1827 1683 1893 init
1711 1834 1774 1893 et
1800 1828 1946 1894 baro
1975 1836 2209 1895 creatur
2225 1836 2485 1913 comes.‡
2532 1831 2631 1897 Sic
2652 1833 2813 1897 enim

421 1918 637 2003 Anglis
681 1917 828 1983 utile
873 1919 1068 1983 visum
1107 1922 1216 1995 est,
1248 1926 1320 1980 ut
1360 1920 1611 2001 uterque
1633 1915 1804 1981 alteri
1823 1915 2248 2001 impedimento
2288 1926 2461 1997 esset,
2498 1940 2575 1983 ne
2604 1924 2813 1985 contra

419 2005 644 2089 regiam
670 2026 948 2071 coronam
978 2003 1204 2091 aliquid
1232 2002 1556 2067 moliretur.
1614 2002 1835 2090 Neque
1862 2004 1927 2068 in
1956 2002 2112 2069 bello
2142 2010 2379 2069 tantum
2408 2004 2511 2069 sed
2540 2005 2717 2070 etiam
2744 2006 2812 2071 in

409 2088 842 2178 judiciis-Angli
882 2091 1146 2178 praefecti
1182 2089 1550 2156 conabantur
1578 2089 2039 2176 provincialibus
2068 2090 2306 2156 Ibernis
2348 2092 2549 2177 potius
2579 2090 2810 2159 officere

417 2197 598 2262 quam
615 2178 940 2245 consulere.
993 2178 1182 2265 Cujus
1201 2178 1287 2243 rei
1308 2176 1664 2263 subjungam
1685 2178 1800 2243 hoc
1823 2200 1988 2243 exem
2032 2178 2159 2243 lum
2188 2178 2385 2243 Rosus
2402 2178 2545 2243 Mac
2554 2178 2661 2244 Ma
2704 2202 2807 2245 au-

417 2284 534 2328 nus
579 2266 761 2348 (Rosa
803 2265 932 2351 bui)
967 2272 1364 2353 cognomento
1410 2270 1453 2300 “
1471 2263 1804 2343 Pallidus,”
1848 2266 1909 2329 A
1986 2266 1997 2277 ’
2030 2265 2097 2329 'ae
2146 2266 2439 2351 princepS,
2488 2288 2627 2331 cum
2690 2267 2811 2332 iem

417 2348 680 2431 obiisset,
734 2354 864 2439 ejus
921 2353 1101 2418 frater
1174 2352 1238 2417 H
1327 2374 1383 2431 0,
1443 2358 1840 2439 cognomento
1914 2358 1956 2386 “
1986 2350 2189 2416 Ruber
2248 2352 2289 2381 ”
2324 2352 2571 2437 (Aodha
2642 2352 2801 2438 Rua)

415 2435 704 2502 Patritius
750 2439 934 2521 (Gilla
973 2438 1188 2523 hadrig
1319 2462 1387 2504 ac
1451 2440 1569 2503 Art
1640 2438 1845 2517 Moil,)
1918 2436 2132 2503 Iberus
2202 2438 2434 2503 Farniae
2507 2440 2805 2519 dominus,

419 2523 644 2609 (Ebhir
671 2524 814 2589 Mac
845 2525 880 2590 I
948 2526 970 2608 )
1007 2531 1068 2589 et
1123 2524 1464 2590 Bernardus
1507 2524 1784 2589 Dartiriae
1815 2524 2093 2589 dominus
2129 2524 2336 2609 (Brien
2366 2525 2507 2591 Mac
2536 2526 2800 2610 Aodha‚)

415 2626 624 2673 omnes
652 2632 725 2674 ex
755 2610 896 2675 Mac
917 2611 1210 2695 Magauni
1234 2610 1460 2675 familia
1487 2632 1558 2675 eo
1601 2612 1677 2675 de
1705 2612 2043 2696 principatu
2062 2609 2379 2695 litigabant
2406 2612 2441 2696 ᾧ
2487 2613 2648 2697 apud
2678 2613 2807 2678 Gu-

415 2693 684 2761 lielmum
711 2696 845 2760 Fitz
877 2696 1247 2761 Gulielmum
1304 2696 1646 2761 haereticum
1676 2696 1949 2781 Anglum
1978 2696 2237 2761 Iberniae
2307 2719 2594 2781 roregem‚
2626 2719 2807 2799 quem

415 2780 622 2847 Ruber
651 2782 917 2869 corrupit
1009 2782 1272 2847 romissis
1302 2783 1694 2868 septingentis
1723 2783 1915 2847 vaccis
1958 2788 2029 2847 ut
2058 2805 2239 2847 secun
2282 2804 2387 2847 um
2415 2783 2612 2868 ipsum
2640 2785 2805 2869 judi-

413 2874 594 2935 caret.
681 2869 904 2935 Prorex
999 2868 1208 2934 berum
1236 2868 1456 2933 Far-nia
1483 2876 1544 2933 et
1586 2868 1958 2933 Bernardum
2000 2868 2265 2933 Dartirifi.
2285 2868 2467 2954 jussit
2495 2892 2621 2935 esse
2664 2894 2805 2937 con·

412 2960 632 3021 tentos.
705 2957 785 3021 In
809 2957 1182 3022 Munichano
1199 2954 1526 3041 municipio
1558 2954 1720 3040 quod
1747 2954 1909 3019 illius
1930 2955 2298 3040 principatus
2327 2964 2507 3041 caput
2535 2965 2645 3036 est,
2676 2958 2805 3043 ipse

411 3042 753 3127 proesidium
783 3043 1053 3109 collocat.
1114 3042 1374 3108 Caeteros
1403 3064 1587 3128 pagos
1617 3047 1678 3107 et
1706 3064 1881 3127 agros
1909 3042 2065 3107 inter
2095 3041 2371 3107 Rubrum
2392 3051 2453 3107 et
2482 3044 2801 3110 Patritium

413 3128 630 3209 divisit,
660 3128 749 3195 illi
779 3132 885 3217 qui
913 3130 1071 3196 dona
1090 3130 1364 3217 promisit
1381 3130 1636 3217 priorem
1653 3129 1853 3194 locum
1882 3129 2228 3215 adjudicans
2256 3136 2316 3193 et
2338 3130 2479 3197 Mac
2508 3130 2799 3217 Magauni

411 3238 628 3282 nomen
657 3216 1055 3304 relinquensss
1146 3216 1445 3305 Lepidum
1467 3217 1662 3283 hercle
1689 3216 1806 3281 fuit
1829 3216 2142 3303 judicium,
2162 3236 2283 3301 quo
2314 3218 2590 3284 omnibus
2619 3218 2794 3284 simul
2817 3229 2997 3299 [106.]

407 3300 500 3367 liti
543 3303 807 3369 atoribus
834 3306 1112 3392 adempta
1137 3328 1274 3391 pars
1303 3327 1518 3390 magna
1537 3304 1641 3383 rei,
1668 3304 1741 3368 de
1770 3306 1893 3390 qua
1909 3302 2524 3385 controversabantur,
2568 3306 2667 3371 alii
2690 3306 2795 3391 qui

409 3410 452 3453 n
539 3412 640 3455 um
657 3392 758 3477 jus
778 3392 1053 3472 habebat,
1077 3398 1470 3479 comparatur.
1560 3390 1825 3457 Similem
1849 3393 2203 3457 sententiam
2233 3416 2269 3457 a
2298 3391 2569 3458 Romano
2591 3393 2795 3478 judice

409 3474 589 3541 latam
647 3480 904 3562 graviter
951 3480 1332 3566 reprehendit
1389 3478 1615 3558 Cicer0,
1675 3477 1794 3543 Lib
1825 3478 1881 3554 1,
1914 3478 2088 3544 Offic.
2136 3476 2341 3543 Ruber
2370 3489 2569 3544 autem
2598 3479 2795 3544 noluit

408 3584 612 3629 vaccas
650 3564 899 3646 tradere,
952 3566 1230 3653 adempto
1276 3564 1392 3631 sibi
1449 3565 1821 3630 Munichano
1866 3572 2133 3645 moestus,
2165 3572 2440 3629 causatus
2485 3587 2797 3651 proregem

449 3656 582 3715 acto
637 3672 763 3716 non
820 3653 1072 3719 stetisse.
1163 3652 1262 3718 Ob
1293 3651 1454 3738 quod
1483 3651 1657 3716 illum
1684 3673 1897 3736 prorex
1926 3652 2041 3716 alio
2086 3652 2333 3715 crimine
2360 3652 2792 3731 insimulatum,

407 3670 764 3803 {dunichani
809 3746 1000 3804 morte
1057 3738 1262 3825 plexit,
1323 3744 1384 3803 et
1441 3739 1570 3823 ejus
1627 3738 2026 3821 possessiones
2074 3738 2297 3821 reginae
2326 3737 2571 3803 addixit.
2662 3736 2794 3803 Has

406 3828 604 3889 tamen
647 3820 854 3910 p'ostea
882 3825 1254 3911 recuperavit
1297 3824 1640 3890 Bernardus
1667 3822 1947 3888 Dartiriae
1976 3822 2277 3888 Dominus
2321 3823 2793 3911 Maemagaunus

405 3907 815 3997 inauguratus,
845 3910 1064 3998 Anglis
1089 3912 1294 3977 invitis
1316 3918 1388 3975 ut
1415 3910 1662 3975 inferius
1689 3910 2032 3976 referemus.

473 4220 496 4247 ·
533 4228 572 4255 “
592 4221 860 4285 Parker,”
885 4220 1160 4275 Perrott's
1187 4218 1582 4280 Gemi-ament,
1607 4235 1661 4288 p.
1696 4218 1816 4275 127.

471 4304 504 4369 †
537 4304 693 4359 Four
719 4306 978 4368 Masters,
1001 4323 1058 4376 p.
1091 4306 1246 4358 1888.
1289 4302 1412 4357 Tho
1438 4300 1737 4356 Geraldine
1754 4300 2002 4362 soldiers,
2020 4299 2163 4353 after
2180 4296 2327 4351 their
2342 4304 2590 4355 master's
2609 4305 2793 4373 death,

403 4388 546 4427 were
568 4378 844 4431 scattered
869 4394 999 4431 over
1025 4374 1249 4429 Ireland
1269 4396 1286 4441 3
1327 4390 1414 4427 see
1438 4372 1588 4427 them
1611 4370 1746 4425 with
1769 4370 2052 4433 O’Borke,
2071 4388 2123 4441 p.
2154 4370 2311 4431 1827,
2330 4372 2441 4424 and
2462 4372 2520 4425 in
2547 4374 2793 4451 Galway,

403 4460 458 4512 p.
491 4448 644 4501 1855.
721 4448 852 4501 Man
914 4447 981 4501 of
995 4448 1145 4501 them
1169 4452 1320 4499 must
1341 4445 1480 4499 have
1501 4443 1716 4517 retired
1733 4449 1794 4496 to
1820 4442 2009 4513 Spain,
2026 4459 2085 4494 as
2111 4438 2298 4511 Philip
2323 4440 2405 4497 II.
2428 4450 2551 4498 sent
2572 4454 2672 4501 not
2688 4448 2793 4504 less

406 4513 534 4568 than
557 4522 722 4581 5,ooo
748 4518 856 4573 Iris
918 4526 978 4573 to
1003 4518 1094 4573 aid
1117 4518 1214 4572 the
1236 4516 1432 4588 league
1455 4514 1512 4568 in
1537 4514 1770 4568 France.

473 4600 506 4666 ss
542 4600 634 4657 He
658 4620 768 4657 was
793 4604 934 4658 Earl
957 4603 1144 4658 before
1185 4602 1278 4656 the
1313 4598 1504 4654 battle.
1583 4596 1705 4651 The
1733 4594 1961 4652 O'Neils
1984 4596 2144 4649 made
2166 4611 2240 4647 no
2265 4606 2599 4667 agreement.
2672 4603 2792 4659 The

405 4664 637 4743 English
662 4674 824 4729 aided
847 4674 940 4729 the
964 4675 1196 4729 weaker.
1267 4671 1541 4726 Perrott’s
1569 4667 1966 4729 Government,
1989 4682 2045 4737 p.
2074 4668 2165 4727 91,
2188 4668 2277 4719 32.

471 4754 504 4819 5
539 4756 693 4810 A.D.
724 4760 876 4813 1589.
945 4758 1104 4812 Four
1145 4758 1406 4820 Masters,
1455 4755 1610 4815 1877.
1653 4752 1836 4805 where
1880 4749 1995 4804 Mr.
2040 4748 2381 4809 O'Donovan
2406 4752 2502 4811 has
2527 4755 2793 4815 collected
2850 4784 2861 4793 ·

405 4825 628 4894 eopiom
653 4828 847 4883 details
870 4828 936 4885 of
951 4828 1349 4886 Fitzwilliam’s
1372 4824 1656 4897 treachery
1682 4824 1792 4877 and
1817 4823 2047 4894 cruelty.
