3634 5842
363 735 502 781 cAr.
535 717 710 801 v111.]
839 741 924 785 nn
954 741 1331 788 rnennonuu
1363 743 1644 788 norimus
1673 745 1885 796 noun
1914 748 2285 794 nemslonn.
2650 732 2747 793 ‘45

357 895 623 976 tempore
674 893 1143 979 gubernaculum
1188 895 1445 964 Romani
1496 895 1744 982 Imperii
1791 908 1931 985 post
1958 902 2416 979 'Justinianum,
2471 901 2511 965 J
2518 902 2749 966 ustinus

357 977 553 1043 minor
572 982 820 1067 aceepit,
843 983 1010 1048 venit
1025 983 1100 1047 de
1119 982 1360 1049 Ibernia
1379 983 1700 1071 praesbyter
1721 993 1783 1050 et
1804 988 1988 1054 abbas
2009 989 2221 1055 habitu
2244 995 2305 1054 et
2323 989 2444 1056 vita
2473 989 2749 1053 monaehi

355 1063 610 1164 insignis
653 1069 896 1134 nomine
940 1068 1346 1135 Columbanus
1387 1071 1452 1136 in
1481 1071 1855 1139 Britanniam
1892 1076 2325 1162 praedieaturus
2356 1073 2603 1140 verbum
2630 1074 2748 1140 Dei

355 1154 676 1236 provinciis
723 1155 1283 1241 septentrionalibus
1329 1157 1698 1225 Pictorum.”
1788 1161 1963 1228 Idem
1992 1163 2094 1229 lib.
2147 1168 2209 1243 4,
2242 1188 2293 1229 c.
2329 1167 2391 1242 4,
2438 1162 2744 1227 Historiae.

357 1243 401 1272 “
422 1238 654 1305 Verum
698 1241 844 1307 dum
891 1242 1088 1308 adhue
1135 1243 1447 1328 Sigbertus
1497 1247 1671 1331 regni
1715 1247 1934 1315 infulas
1983 1256 2232 1331 teneret,
2282 1249 2623 1336 supervenit
2675 1248 2749 1313 de

355 1323 598 1424 Ibernia
625 1329 717 1393 vir
745 1337 1007 1411 sanctus,
1035 1332 1278 1396 nomine
1319 1331 1599 1412 Furseus,
1646 1335 1827 1401 verbo
1858 1346 1918 1402 et
1946 1338 2177 1403 actibus
2206 1337 2418 1416 clarus,
2448 1335 2553 1401 sed
2584 1359 2748 1421 egre-

355 1413 474 1498 giis
521 1415 773 1502 insignis
823 1417 1208 1484 virtutibus.”
1299 1419 1450 1484 Haec
1500 1420 1686 1485 Baeda
1731 1423 1837 1506 qui
1886 1424 1984 1489 hic
2026 1431 2089 1488 et
2131 1423 2273 1490 alibi
2299 1423 2472 1510 plura
2498 1424 2564 1488 in
2592 1423 2747 1488 hanc

355 1504 712 1568 sententiam
732 1504 976 1585 scribit3
1009 1513 1070 1570 et
1088 1506 1298 1571 asserit
1319 1507 1382 1572 in
1405 1506 1666 1586 Ibernio,
1691 1512 2051 1576 monasteria
2072 1511 2379 1597 juventuti
2394 1508 2667 1594 Anglicae
2682 1511 2748 1574 in

355 1586 494 1651 fidei
523 1587 844 1657 Catholicae
873 1591 1186 1677 disciplina
1213 1592 1556 1659 excolendae
1588 1595 1772 1662 fuisse
1800 1599 2145 1664 constituta.
2238 1597 2405 1668 Quin
2440 1603 2501 1661 et
2531 1596 2747 1661 doctis-

353 1674 489 1738 simi
539 1677 758 1762 quique
809 1679 885 1744 ad
927 1679 1341 1744 concitandam
1389 1703 1512 1746 suae
1553 1681 1847 1750 doctrinae
1877 1685 2097 1750 famam
2140 1684 2549 1769 gloriabantur
2576 1705 2639 1747 se
2680 1683 2746 1747 in

354 1759 598 1828 Ibernia
624 1764 838 1830 litteris
866 1766 1224 1831 incubuisse.
1316 1767 1496 1832 Unde
1523 1769 1590 1833 in
1616 1770 1995 1854 proverbium
2026 1771 2174 1838 abiit
2218 1777 2259 1808 “
2281 1770 2627 1836 amandatus
2658 1775 2749 1834 est

355 1847 433 1912 ad
465 1847 834 1937 disciplinam
862 1854 930 1918 in
959 1852 1304 1919 Iberniam'’
1334 1862 1407 1920 ut
1435 1857 1652 1921 author
1680 1864 1770 1923 est
1798 1857 2137 1925 Camdenus
2168 1859 2403 1945 Anglus
2426 1857 2745 1922 distichum

353 1935 506 2000 illud
539 1937 602 2002 in
630 1940 714 2003 rei
743 1940 921 2005 fidem
953 1941 1252 2006 adducens
1277 1944 1331 2024 :u
2768 1932 2907 1998 [42]

886 2071 1165 2198 Exerssplo
1190 2080 1411 2143 patrum
1439 2083 1742 2130 commotus
1767 2095 1954 2132 amore
1978 2077 2193 2150 legendi

889 2143 1002 2197 Ivit
1123 2143 1351 2198 lbernos
1375 2146 1568 2217 sophia
1592 2147 1892 2219 (mirabile)
1920 2149 2097 2203 claros

352 2251 470 2318 Cui
517 2279 752 2322 carmen
785 2257 846 2322 S.
880 2258 1088 2323 Albini
1119 2258 1194 2324 de
1219 2259 1611 2327 Willibrordo
1648 2263 2122 2350 ·Archiepiscopo
2160 2269 2627 2329 consentaneum
2659 2267 2749 2324 est

751 2384 930 2444 Quem
957 2383 1058 2436 tibi
1074 2383 1192 2453 jam
1216 2386 1410 2456 genuit
1431 2385 1684 2440 faecunda
1709 2387 2001 2440 Britannia
2026 2394 2200 2441 mater

745 2453 1037 2525 Doctaque
1063 2455 1296 2509 nutrivit
1319 2457 1516 2511 studiis
1539 2459 1634 2511 sed
1655 2457 1877 2514 lbet-nia
1900 2459 2087 2512 sacris·

1335 2809 1516 2874 CAP.
1563 2808 1751 2873 VIII.

375 2968 613 3038 Aliquot
639 2963 873 3018 Iber-nite
900 2961 1023 3028 viri,
1046 2960 1380 3032 faeminaeque
1404 2959 1640 3034 insignes
1666 2959 1919 3014 doctrina
1943 2965 1999 3012 et
2022 2958 2312 3012 sanctitate
2337 2967 2711 3015 numerantur.

353 3091 541 3162 Quos
583 3113 726 3155 vero
755 3089 1148 3174 procreaverit
1192 3087 1432 3154 Ibernia
1470 3090 1628 3153 viros
1671 3087 2024 3154 excellentes
2063 3087 2349 3168 doctrina,
2384 3091 2487 3175 qui
2537 3093 2630 3156 sui
2658 3094 2748 3158 iu-

353 3179 518 3264 genii
575 3184 636 3242 et
693 3176 1004 3242 industriae
1061 3185 1450 3241 monumenta
1497 3176 1882 3262 reliquerunt,
1934 3175 2175 3261 longius
2232 3184 2387 3241 esset
2438 3201 2768 3245 numerare.

351 3267 576 3329 Tamen
607 3264 792 3349 aliqui
808 3263 1044 3328 silentio
1076 3264 1449 3349 pretereundi
1479 3286 1601 3328 non
1643 3269 1805 3342 sunt,
1843 3264 2099 3328 maxime
2146 3263 2556 3345 Adamnanus,
2590 3268 2745 3332 Ard-

353 3351 696 3428 machanuS,
761 3351 1068 3430 Claudiae,
1125 3351 1418 3429 Clemens,
1468 3351 1572 3436 qui
1613 3351 1963 3416 Parisiensis
2028 3350 2340 3436 Gymnasii
2383 3352 2748 3419 celeberrimi

351 3439 741 3504 fundamenta
753 3440 1046 3524 jecerunt,
1054 3437 1306 3503 testibus
1315 3437 1584 3506 Sebelico
1607 3445 1667 3502 et
1686 3437 2011 3516 Nauclero,
2026 3437 2364 3523 Cogitosus‚
2376 3438 2746 3525 HidulphuS,

356 3527 396 3591 J
399 3527 664 3592 ohannes
693 3524 998 3590 Dunensis
1031 3526 1246 3590 Scotus
1275 3526 1706 3591 florentissimae
1749 3525 1969 3590 scholae
2013 3525 2404 3590 Scotistarum
2451 3526 2743 3606 conditor,

355 3613 396 3678 J
399 3614 662 3678 ohannes
691 3611 1028 3677 Academiae
1055 3611 1359 3680 Patavinae
1386 3613 1616 3698 primus
1646 3611 1872 3690 doctor,
1918 3610 2267 3676 authoribus
2295 3612 2339 3675 J
2341 3613 2573 3678 ohanne
2602 3613 2747 3679 Val-

355 3723 516 3778 ense,
553 3699 834 3785 Guagino
866 3705 928 3763 et
955 3698 1272 3783 Polydoro.
1334 3699 1522 3764 Jonas
1551 3698 1778 3777 Abbas,
1800 3698 2110 3762 Marianus
2142 3699 2375 3776 Scotus,
2408 3697 2747 3780 Mauritius,

354 3787 706 3852 Okahamus
753 3784 1169 3850 Nominalium
1223 3787 1516 3871 princeps,
1559 3785 1776 3850 Petrus
1829 3783 2102 3861 IbernuS,
2138 3784 2436 3863 Sedulius,
2467 3785 2745 3852 Thadeus

355 3875 573 3939 Scotus
603 3872 828 3952 Abkas,
859 3873 1118 3937 Thomas
1150 3872 1478 3937 Ibernicus.

443 3961 612 4032 Quot
639 3983 780 4025 vero
811 3960 922 4025 viri
950 3959 1321 4043 faeminaeque
1348 3960 1411 4023 in
1442 3959 1555 4023 hae
1585 3956 1782 4021 insula
1811 3956 2115 4022 extiterint
2144 3958 2281 4022 vitae
2310 3958 2642 4038 sanctitate,
2688 3971 2749 4025 et

351 4050 688 4114 suturarum
717 4069 914 4112 rerum
932 4047 1322 4132 praesensione
1341 4053 1461 4110 tam
1505 4043 1879 4110 admirabiles
1908 4051 1977 4109 ut
2006 4045 2128 4108 sint
2148 4045 2211 4110 in
2240 4045 2423 4110 fastos
2453 4045 2745 4112 Divomm

350 4143 736 4220 atquecetum
753 4133 944 4212 relati,
963 4134 1095 4218 quis
1113 4143 1310 4218 potest
1327 4133 1560 4198 modico
1570 4131 1770 4197 labore
1790 4133 2043 4216 perstrin
2089 4131 2220 4197 ere?
2252 4131 2745 4218 Occurruntprae-

349 4233 444 4288 ter
473 4221 687 4288 relatos
715 4222 965 4306 aliquOS,
995 4221 1238 4297 Barrus,
1259 4219 1568 4300 Columba,
1591 4218 2018 4298 ColumbanUS,
2080 4219 2371 4298 'onnalus,
2388 4219 2739 4304 Duvengar-

353 4311 488 4388 dus,
521 4307 834 4387 Farkerus,
865 4307 1152 4387 Fiam-ina,
1183 4305 1485 4386 FoilanuS,
1507 4307 1787 4386 FurseuS,
1813 4306 2121 4384 Himilius,
2146 4305 2445 4383 KilianuS,
2476 4305 2740 4372 Lauren-

353 4399 496 4476 tius,
558 4395 904 4475 Malachias,
966 4394 1321 4473 Romuldus,
1382 4395 1476 4460 Ru
1521 4403 1704 4472 ertuS,
1755 4393 2037 4458 Ultanus.
2098 4393 2315 4476 Neque
2365 4392 2737 4459 foeminarum

395 4485 556 4549 eneri
588 4483 788 4548 minus
815 4482 1025 4546 honori
1055 4488 1200 4547 sunt
1226 4488 1446 4546 nostroe
1513 4483 1644 4558 ivae,
1675 4480 1944 4566 Brigida,
1983 4480 2190 4565 Cynia,
2223 4478 2485 4564 Diphna,
2514 4479 2737 4563 Ethne,

391 4572 612 4636 'meriae
656 4571 811 4649 duoe,
857 4567 1105 4649 Fidella,
1167 4569 1501 4647 Gubeneta,
1563 4568 1849 4645 Memesa‚
1910 4565 2223 4632 Richardis
2274 4565 2629 4652 Imperatrix
2678 4580 2739 4635 et

355 4658 548 4745 virgo.
639 4657 806 4728 Quid
834 4656 1054 4722 frustra
1091 4657 1461 4743 singulorum
1504 4655 1764 4731 nomina,
1811 4653 1973 4737 quod
1999 4653 2189 4718 facere
2218 4675 2447 4739 nequeo
2476 4663 2740 4741 repetere

355 4745 586 4810 coner?
677 4744 918 4829 Quippe
959 4753 1196 4809 sanctos
1247 4745 1405 4810 viros
1455 4743 1560 4828 qui
1610 4741 1870 4805 diversas
1920 4739 2081 4805 orbis
2130 4747 2417 4806 terrarum
2468 4744 2740 4828 regiones

355 4832 749 4910 illustrarunt,
770 4831 922 4895 etad
941 4833 1330 4897 aeternitatem
1359 4835 1795 4907 consecrarunt,
1828 4851 1900 4893 ex
1923 4827 2161 4894 Ibernia
2190 4827 2354 4896 velut
2382 4851 2453 4894 cx
2482 4830 2648 4895 alveo
2678 4832 2741 4895 in

3619 1494 3621 1519 -
3619 1435 3622 1450 -,
3610 933 3622 1388 -,Ᾰ-,,,,.-.,..,-,
3596 0 3622 900 --ι-...ωά
