3634 5842
841 737 958 801 172
1216 732 1631 799 o'sunmvam
1672 749 1985 796 merom
2028 747 2414 809 carnencas,
2461 750 2610 796 rou.
2656 750 2761 794 111.
2900 728 3055 813 [nm.
3100 747 3206 792 111.

831 926 1042 1013 gaunis
1072 927 1523 991 circumsessum
1552 926 1754 1003 fuisse,
1785 922 2054 1007 superius
2084 921 2361 1000 diximus,
2392 944 2565 1007 opem
2594 921 2843 1001 laturus,
2872 926 2945 985 ut
2973 918 3209 986 videba-

829 1024 951 1081 tus.
1037 1011 1154 1078 Per
1180 1014 1358 1078 hosce
1387 1013 1512 1079 dies
1538 1013 1662 1078 fato
1683 1012 1927 1075 functus
1954 1014 2044 1073 est
2070 1008 2451 1088 Terentius*
2481 1010 2587 1096 qui
2617 1056 2619 1059 ψ
2658 1010 2887 1094 rinceps
2915 1006 3211 1072 O’Nellus

829 1106 976 1179 erat,
1024 1106 1086 1164 et
1135 1100 1338 1165 comiti
1387 1100 1627 1178 Tirono,
1671 1120 1749 1163 ne
1789 1101 2019 1181 gereret
2067 1117 2206 1160 cum
2254 1094 2471 1180 Anglis
2520 1095 2595 1162 be
2641 1118 2743 1161 um
2785 1094 3209 1181 impedimento

829 1187 1011 1251 fuisse
1040 1186 1406 1252 credebatur.
1491 1186 1680 1272 Cujus
1724 1183 1973 1249 interitu
2020 1181 2275 1247 Tironus
2318 1184 2613 1269 princeps,
2665 1183 2741 1248 O'
2744 1182 2809 1248 N
2810 1182 2959 1247 ellus
3002 1203 3038 1246 a
3087 1182 3211 1245 suis

833 1272 1188 1338 Ibernorum
1217 1294 1380 1337 more
1408 1272 1789 1337 renunciatur
1822 1270 1972 1357 (quo
2000 1269 2241 1333 nomine
2280 1290 2315 1333 a
2334 1267 2507 1334 nobis
2547 1269 2821 1355 deinceps
2849 1266 3209 1354 vocabitur.)

828 1360 1054 1425 Tamen
1098 1360 1173 1424 ad
1223 1358 1532 1424 Norrisem
1581 1359 1808 1424 litteras
1854 1356 2061 1434 mittit,
2113 1353 2329 1441 quibus
2380 1355 2454 1422 ab
2498 1378 2569 1421 eo
2606 1357 2783 1455 petit,
2814 1362 2887 1420 ut
2914 1377 3050 1420 cum
3078 1356 3209 1439 ipso

829 1447 1036 1511 mitius
1082 1453 1238 1530 agat,
1283 1446 1599 1531 ipsumque
1644 1444 1813 1509 malit
1860 1442 1937 1529 in·
1976 1442 2197 1541 reginae
2226 1448 2286 1506 et
2314 1444 2423 1507 sua
2450 1443 2710 1529 amicitia
2755 1462 2983 1508 servare
3032 1440 3212 1526 quam

829 1532 1062 1599 hostem
1112 1531 1400 1617 experiri3
1447 1552 1512 1597 se
1539 1530 1692 1597 nihil
1739 1548 2007 1615 unquam
2054 1548 2123 1593 m
2151 1527 2372 1615 regiam
2402 1549 2677 1595 coronam
2705 1526 2896 1602 fuisse'
2916 1528 3211 1593 machina-

829 1626 980 1698 tum,
1013 1626 1073 1683 et
1101 1618 1176 1684 ab
1198 1617 1426 1684 aemulis
1456 1616 1676 1704 injuste
1709 1614 2007 1703 accusari3
2035 1612 2313 1700 idemque
2336 1616 2602 1701 reginam
2633 1638 2737 1701 per
2764 1615 2990 1680 litteras
3018 1620 3209 1699 rogat.

829 1705 1131 1792 Utrasque
1177 1706 1320 1770 vero
1368 1704 1593 1769 litteras
1615 1698 1874 1789 Bagnal
1917 1700 2186 1767 Ultoniae
2232 1699 2543 1787 praefecths
2608 1702 2927 1768 acerrimus
2946 1714 2951 1722 ‘
2969 1700 3105 1766 O'N
3114 1700 3213 1766 elli

828 1793 1018 1858 hostis
1053 1793 1422 1876 ‚interceptas
1471 1792 1865 1883 suppressit.†
1951 1788 2027 1853 O'
2031 1788 2097 1871 N
2097 1787 2246 1867 ellus
2296 1810 2431 1866 cum
2476 1812 2717 1873 suarum
2744 1789 3073 1854 litterarum
3121 1810 3212 1852 re-

830 1901 1116 1965 sponsum
1145 1878 1370 1944 diutius
1399 1878 1683 1957 cunctari,
1715 1884 1776 1943 et
1793 1878 2028 1941 hostem
2056 1874 2566 1961 appropinquare‡
2590 1876 2833 1955 videret,
2864 1899 2929 1941 se
2950 1882 3117 1961 parat
3142 1881 3215 1940 ut

831 1971 885 2031 ei
914 1972 1184 2031 occurrat
1211 1974 1272 2030 et
1301 1965 1729 2043 Munichanam
1758 1985 1951 2029 arcem
1995 1963 2171 2027 simul
2210 1962 2477 2030 subsidio
2514 1962 2844 2049 prohibeat,
2888 1962 3051 2049 quod
3072 1960 3215 2027 Mae

829 2052 1120 2138 Magauni
1150 2053 1376 2137 equites
1405 2052 1497 2116 exi
1651 2072 1851 2129 manu,
1882 2070 2062 2136 quam
2114 2047 2430 2130 habebant,
2462 2073 2585 2115 non
2614 2055 2890 2136 poterant
2917 2055 3212 2135 praestare.

830 2138 1014 2205 Illum
1045 2136 1482 2205 comitabantur
1583 2160 1651 2203 ac
1703 2138 1890 2202 Guier
1916 2137 2008 2200 vir
2036 2135 2394 2201 fortissimus
2435 2136 2891 2203 Faramonaohae
2920 2136 3215 2222 princepe,

831 2226 934 2311 qui
984 2225 1264 2309 magister
1313 2226 1583 2309 equitum
1625 2230 1767 2302 erat,
1814 2220 2203 2301 O'Kahanus,
2254 2222 2471 2309 aliique
2518 2222 2767 2303 nobiles,
2798 2222 2901 2309 qui
2948 2219 3217 2308 equitum

830 2319 890 2377 et
961 2310 1186 2377 editum
1217 2312 1448 2376 circiter
1477 2311 1595 2376 duo
1646 2310 1831 2375 millia
1873 2307 2263 2374 ductitabant.
2346 2308 2566 2375 Norris
2595 2310 2671 2376 ad
2701 2319 2959 2397 quatuor
2986 2309 3217 2374 circiter

828 2400 908 2463 mi
956 2400 1014 2463 ia
1063 2420 1094 2463 e
1139 2399 1330 2462 uitum
1381 2404 1442 2462 et
1486 2396 1756 2483 peditum
1802 2396 2126 2461 >exercitum
2178 2412 2437 2476 auctum,
2468 2398 2645 2463 armis
2691 2396 3217 2485 instructissimum¹

829 2488 1019 2551 fertur
1045 2484 1124 2549 ha
1167 2484 1363 2565 uisse3
1409 2486 1514 2570 qui
1542 2491 1710 2551 erant
1739 2482 1926 2569 Angli
1952 2482 2215 2547 veterani
2258 2480 2605 2564 Gallienses,
2636 2482 3089 2569 Anglo-Iberni,
3118 2504 3215 2547 ve-

830 2579 985 2639 teres
1015 2571 1242 2651 Iberni,
1274 2572 1600 2658 praesertim
1646 2568 2049 2636 O'Hanlonus
2097 2567 2384 2635 Ultonius
2431 2571 2757 2636 Aur-iterrae
2786 2570 3078 2656 princePS,
3110 2570 3218 2655 qui

831 2659 990 2724 ultra
1015 2658 1298 2723 Bonnum
1326 2659 1549 2724 flumen
1595 2680 1659 2723 se
1688 2680 1796 2745 pro
1844 2678 2077 2722 summo
2126 2656 2411 2743 signifero
2454 2658 2638 2743 regin,
2668 2657 3037 2722 haereditario
3081 2658 3219 2743 jure

833 2746 1018 2898 {13²3
1047 2743 2479 2917 ,tfflfffficfflfflzfssmff
2508 2744 3221 2915 qfflffiffissfffflssss

2457 2881 2478 2912 2

833 2919 1014 3000 bello,
1045 2919 1188 2983 dum
1218 2917 1498 2984 adversus
1529 2919 1938 3005 Hispanorum
1980 2918 2373 2983 constantiam
2416 2928 2728 3004 pugnaret,
2758 2916 2995 2983 laudem
3023 2925 3085 2983 et
3112 2938 3219 2982 no-

835 3028 977 3072 men
1022 3006 1274 3091 adeptus
1322 3028 1436 3071 nec
1479 3006 1816 3070 immerito:
1861 3026 2001 3070 nam
2048 3025 2251 3070 revera
2290 3005 2407 3069 fuit
2456 3006 2722 3071 omnium
2762 3003 3098 3090 Anglorum
3127 3004 3225 3068 sui

834 3092 1117 3178 temporis
1146 3092 1666 3178 praestantissimus
1695 3094 2031 3177 imperator,
2050 3091 2163 3155 etsi
2189 3091 2254 3155 in
2280 3090 2396 3157 hoc
2423 3090 2580 3157 bello
2595 3092 2941 3157 inconstans
2960 3092 3221 3171 fortuna,

834 3178 929 3243 vel
965 3178 1061 3263 (ut
1085 3178 1281 3244 verius
1308 3177 1540 3264 loquar)
1577 3177 1843 3245 divinum
1868 3178 2163 3263 judicium
2191 3177 2246 3243 ei
2274 3176 2517 3243 minime
2559 3178 2789 3244 faverit.
2854 3266 2865 3279 .

1561 3405 1813 3413 ———-

1848 3544 2028 3611 CAP.
2075 3544 2166 3612 II.

846 3718 1112 3776 O'Nellus
1137 3727 1193 3774 et
1219 3720 1420 3775 Norris
1447 3720 1517 3775 ad
1543 3718 1776 3772 Pratum
1795 3715 1963 3771 fontis
2000 3716 2237 3789 primum
2268 3714 2425 3789 signa
2446 3716 2739 3771 conferunt
2756 3724 2813 3771 et
2831 3716 3223 3775 Manicheum

1514 3788 1786 3844 Catholici
1809 3788 1869 3842 in
1894 3786 2224 3842 deditionem
2250 3788 2543 3859 accipiunt.

840 3938 1095 4005 Nonus
1125 3938 1248 4003 dux
1273 3944 1480 4003 tantus
1507 3958 1645 4004 cum
1693 3937 1955 4001 exercitu
2001 3958 2111 3999 suo
2160 3934 2451 4004 Auriliam
2496 3934 2641 4001 Mac
2668 3936 3101 4025 Magaunorum
3128 3938 3221 4005 di-

839 4027 1065 4093 tionem
1109 4026 1411 4111 ingressus
1459 4047 1583 4090 non
1628 4022 1837 4110 procul
1883 4023 1921 4086 a
1949 4023 2319 4088 Munichano
2368 4024 2435 4088 in
2478 4045 2773 4111 campum,
2826 4025 2931 4111 qui
2973 4024 3219 4092 Pratum

911 4186 937 4215 ‘
973 4184 1126 4239 ΑΛ).
1158 4186 1310 4239 1595.
1391 4184 1542 4238 Four
1565 4184 1828 4246 Manen,
1852 4200 1904 4253 p.
1936 4185 2088 4238 1985.

914 4254 954 4305 -Ι-
993 4258 1121 4318 Com,
1183 4294 1198 4308 .
1223 4258 1346 4309 406.
1421 4252 1595 4327 Hugh
1618 4253 1815 4327 fought
1858 4254 1951 4307 the
1975 4271 2162 4339 enemy
2188 4251 2322 4307 with
2345 4250 2419 4308 all
2444 4250 2587 4311 their
2612 4270 2733 4307 own
2756 4270 2873 4308 που.
2942 4270 3007 4308 ns
3030 4254 3159 4309 exce
3198 4264 3225 4311 t

841 4327 1122 4403 cold-bloo
1193 4326 1230 4379 d
1253 4326 1520 4381 murder-s.
1595 4324 1686 4379 He
1709 4342 1819 4379 was
1844 4324 2113 4379 educated
2132 4342 2191 4379 m
2214 4324 2309 4379 the
2332 4332 2495 4379 court
2516 4324 2629 4381 and
2650 4342 2807 4395 camp
2908 4274 3225 4392 Elia-beth,

844 4400 954 4453 and
977 4398 1141 4452 could
1158 4398 1283 4470 play
1308 4397 1440 4451 with
1465 4396 1559 4451 the
1583 4413 1728 4451 arms
1754 4395 1821 4450 of
1838 4394 2006 4449 Geoil.

917 4472 948 4538 ζ
987 4468 1186 4525 Norris
1209 4470 1318 4523 and
1343 4468 1582 4531 Russell,
1607 4466 1905 4539 aceording
1926 4474 1987 4521 to
2006 4465 2241 4539 English
2276 4475 2563 4530 accounts,
2594 4465 2689 4520 did
2712 4473 2812 4521 not
2830 4466 3023 4551 march
3044 4473 3105 4522 to
3128 4468 3225 4555 the

845 4610 1082 4683 English
1103 4613 1216 4667 and
1241 4612 1403 4676 lrish,
1445 4610 1662 4675 O'Neil,
1691 4608 2023 4673 O'Donnell,
2048 4612 2167 4675 Sto„
2191 4610 2456 4675 traitorsg
2504 4608 2623 4670 but,
2636 4536 3111 4683 Ἢεπμωποοοιῖῗὲ
3112 4558 3226 4667 ⁹01²ss

843 4682 974 4737 mile
1015 4683 1226 4807 befoud
1263 4683 1535 4755 Armagh,
1575 4682 1814 4737 towards
1856 4681 2201 4737 Blackwater
2226 4680 2385 4743 For-t,
2406 4680 2533 4751 they
2558 4678 2786 4733 deemed
2822 4679 2870 4734 it
2902 4681 3141 4750 prudent
3162 4692 3226 4738 to

841 4760 1057 4835 return,
1101 4754 1183 4809 eft
1205 4773 1240 4808 a
1261 4755 1512 4826 gan-ison
1536 4752 1593 4809 in
1633 4754 1728 4809 the
1751 4752 2052 4814 cathedral,
2079 4752 2317 4807 relieved
2342 4749 2655 4822 Monaghan
2676 4748 2810 4821 July
2834 4750 2907 4817 73
2938 4752 3053 4805 and
3074 4752 3227 4808 Runa

845 4822 946 4879 sell
970 4841 1079 4879 was
1102 4824 1214 4879 safe
1239 4825 1297 4878 in
1321 4824 1534 4880 Dublin
1558 4841 1628 4878 on
1651 4825 1746 4880 the
1775 4824 1923 4879 Isth.
1999 4824 2131 4885 Cooe,
2153 4823 2278 4887 407,
2303 4814 2413 4877 and
2436 4820 2591 4877 Four
2616 4820 2878 4885 Hastam,
2904 4822 3054 4879 1960.
3208 4858 3217 4869 -

845 4540 1036 4595 North
1073 4540 1216 4595 until
1255 4540 1419 4607 June,
1465 4543 1616 4595 1595.
1691 4539 1784 4595 On
1824 4538 1919 4593 the
1960 4538 2101 4593 aard
2134 4537 2201 4592 of
2234 4538 2357 4592 that
2396 4538 2587 4592 mouth
2608 4544 2634 4591 t
