3634 5842
935 742 1058 804 262
1320 738 1734 803 o’sunfflvam
1778 758 2093 803 ius-roam
2136 757 2523 817 cunonem,
2552 760 2702 805 rou.
2750 761 2851 806 111.
2994 741 3149 824 [ms.
3174 760 3321 805 vm.

1354 911 1506 965 Urbs
1529 910 1753 981 antiqua.
1773 910 1891 963 ruit
1910 910 2115 964 multos
2140 910 2417 966 dominata
2439 928 2537 983 per
2562 928 2747 965 annos.

1351 982 1597 1037 Plurima
1617 999 1823 1052 perque
1848 982 1960 1035 vias
1984 987 2307 1036 sternuntur
2331 982 2529 1037 inertia
2550 983 2749 1053 passim

1356 1052 1644 1138 Oorpora3
1721 1070 1889 1124 erque
1916 1052 2122 1116 domos,
2146 1060 2203 1106 et
2226 1052 2482 1126 religiosa
2504 1052 2755 1107 Deorum

1347 1124 1595 1177 Limina:
1694 1141 1756 1177 ec
1781 1122 1883 1178 soli
1906 1140 2089 1194 poenas
2114 1124 2247 1178 dant
2270 1125 2533 1197 sanguine
2557 1124 2780 1179 Teucri.

1355 1196 1645 1259 Quondam
1668 1194 1833 1248 etiam
1852 1194 2009 1248 victis
2032 1194 2178 1248 redit
2200 1195 2255 1248 in
2278 1194 2583 1267 praecordia
2604 1195 2798 1249 virtus.

1355 1266 1722 1337 Victoresque
1743 1264 1951 1319 cadunt
1969 1265 2173 1320 Danaiz
2216 1266 2452 1320 crudelis
2483 1265 2684 1338 ubique

1350 1338 1596 1392 Luctus:
1635 1336 1836 1407 ubique
1858 1353 2049 1408 pavor,
2072 1345 2128 1390 et
2151 1337 2390 1409 plurima
2412 1337 2605 1391 mortis
2628 1338 2828 1409 imago.

930 1539 1030 1605 Ob
1075 1540 1190 1605 hoc
1235 1538 1494 1606 Ibemiae
1539 1540 1883 1605 universum
1930 1561 2082 1625 pene
2130 1537 2426 1604 excidium
2476 1538 2651 1604 multi
2701 1538 2906 1606 Iberni
2955 1563 3061 1627 per
3090 1548 3316 1607 exteras

928 1633 1136 1713 gentes
1187 1650 1314 1693 sese
1363 1625 1748 1693 diffuderunt.
1835 1626 2065 1712 Ingens
2106 1625 2285 1691 turba
2330 1628 2393 1690 in
2440 1624 2716 1706 Galliam,
2760 1626 2941 1713 longe
2969 1628 3225 1693 maxima
3250 1629 3313 1693 in

929 1713 1286 1799 Hispaniam
1313 1714 1621 1781 confluxit.
1707 1712 1933 1781 Exules
1962 1735 2139 1779 causa
2165 1713 2303 1777 fidei
2331 1704 2608 1799 benigne,
2639 1714 3002 1800 comiterque
3030 1737 3065 1779 a
3094 1714 3311 1780 Catho-

925 1800 1055 1865 licis
1083 1802 1476 1888 excipiuntur.
1563 1802 1646 1867 In
1671 1822 1773 1866 eos
1803 1798 1935 1865 Rex
1965 1798 2275 1886 Hispaniae
2301 1800 2418 1865 fuit
2438 1805 2607 1865 tanto
2637 1823 2853 1880 amore,
2884 1824 2955 1866 ea
2982 1803 3220 1887 pietate,
3250 1808 3310 1867 et

926 1888 1348 1969 munificentia,
1377 1896 1449 1954 ut
1475 1889 1574 1952 vix
1600 1887 1760 1953 ullus
1809 1887 2021 1972 possit,
2073 1894 2177 1952 aut
2203 1888 2468 1952 oratione
2496 1887 2828 1973 complecti,
2860 1894 2966 1953 aut
2994 1888 3192 1953 animo
3220 1912 3308 1955 as-

723 1967 902 2041 [202]
927 1976 1114 2061 sequi,
1144 1984 1435 2062 quantum
1463 1974 1552 2040 illi
1582 1973 1838 2040 debeant
1861 1976 1914 2057 :ss
1964 1996 2171 2039 omnes
2199 1974 2489 2059 principio
2520 1996 2701 2059 quam
2727 1974 3312 2041 honorificentissime

924 2061 1186 2148 suscepit
1225 2062 1398 2127 donis
1442 2083 1698 2127 ornans:
1744 2058 2136 2126 nobilioribus
2164 2067 2499 2125 menstruos
2527 2083 2805 2126 nummos
2833 2062 3169 2148 vectigales,
3199 2084 3307 2147 pro

921 2170 1030 2213 sua
1056 2148 1272 2232 cuique
1299 2148 1640 2213 conditione
1689 2148 2015 2233 assignans,
2067 2147 2197 2211 aliis
2248 2147 2500 2212 militare
2529 2147 2891 2234 stipendium
2918 2150 3306 2214 constituens.

917 2233 1014 2298 Ex
1043 2233 1161 2298 illis
1187 2235 1253 2298 in
1281 2234 1478 2300 Gallia
1503 2233 1748 2320 Belgica
1774 2233 2073 2319 legionem
2101 2233 2392 2298 conscribi
2425 2235 2611 2314 ussit,
2636 2257 2771 2320 quae
2796 2236 2961 2322 prius
2990 2235 3104 2301 sub
3136 2235 3305 2301 Hen-

915 2320 1040 2385 rico
1067 2326 1129 2384 et
1156 2327 1294 2405 post
1323 2320 1572 2386 Henrici
1599 2320 1908 2386 interitum
1938 2318 2051 2385 sub
2082 2319 2123 2384 J
2125 2320 2357 2385 ohanne
2408 2257 2655 2387 &Nem
2683 2322 2967 2409 principis
2996 2322 3135 2387 filiis
3162 2344 3305 2389 con-

915 2413 1010 2471 tra
1036 2406 1296 2473 Batavos
1321 2407 1587 2487 fideliter,
1618 2413 1679 2472 et
1707 2404 1948 2472 strenue
2017 2407 2283 2493 ugnavit.
2372 2406 2451 2472 In
2466 2408 2630 2494 regia
2648 2429 2887 2495 quoque
2916 2408 3099 2475 classe
3128 2410 3305 2475 maris

916 2492 1141 2559 Oceani
1169 2495 1439 2560 cohortes
1483 2494 1710 2580 aliquot
1754 2429 2117 2580 stipendlium
2143 2494 2411 2560 fecerunt
2439 2517 2657 2581 magna
2684 2497 2907 2562 virtute
2934 2502 3305 2582 praestantes.

912 2580 1062 2645 Post
1107 2581 1478 2648 Catholicum
1525 2604 1726 2683 regem
1773 2582 1931 2646 inter
1976 2579 2330 2647 Ibernorum
2360 2580 2602 2646 exulum
2629 2590 2913 2668 patronos
2944 2582 3303 2649 clarissimus

917 2667 1024 2732 Bri
1143 2670 1244 2734 tiae
1272 2668 1416 2734 Dux
1444 2668 1788 2747 LusltanuS,
1820 2666 2151 2733 cardinalis
2180 2667 2387 2733 Smdis
2414 2669 2755 2756 Burdigala:
2797 2670 3017 2735 Archie
3058 2671 3182 2735 isco
3228 2692 3302 2733 us

1057 2778 1145 2833 us,
1190 2756 1500 2822 Oarazenoe
1546 2756 1819 2821 Marchio
1872 2754 2199 2841 Hispanus,
2249 2760 2309 2819 et
2358 2754 2578 2821 Fabius
2637 2754 2934 2823 O’Ncllus
3052 2756 3196 2823 aliso
3220 2757 3303 2823 eti

913 2841 1079 2908 urbis
1107 2842 1269 2909 dives
1297 2844 1442 2909 civis
1469 2866 1594 2909 non
1620 2843 1895 2909 infimum
1921 2842 2120 2909 locum
2151 2840 2443 2908 obtinent.

1882 3282 2062 3347 CAP.
2109 3281 2265 3347 VII.

1516 3470 1606 3525 An
1632 3467 1819 3523 Iberni
1832 3468 1983 3539 juste
2005 3468 2275 3541 gesserint
2296 3469 2403 3525 hoc
2428 3468 2633 3523 bellum
2648 3475 2671 3520 Ρ

914 3662 1018 3727 Ex
1064 3660 1311 3726 historia
1355 3664 1559 3725 nostra
1599 3654 1901 3723 verissime
1928 3655 2148 3722 tradita
2174 3654 2350 3743 plane
2378 3654 2699 3741 colligitur,
2730 3652 2804 3720 ab
2835 3652 3075 3719 Ibernis'
3099 3661 3321 3720 contra.

916 3748 1180 3835 reginam
1208 3746 1467 3832 Anglise,
1499 3752 1560 3811 et
1585 3744 1765 3830 regiae
1792 3744 2065 3810 factionis
2094 3742 2345 3809 Ibernos
2372 3742 2597 3808 bellum
2625 3763 2811 3828 ecque,
2844 3747 2905 3806 et
2926 3739 3090 3826 juste
3117 3740 3301 3805 fuisse

915 3841 1274 3921 susceptum.
1363 3831 1545 3905 Quod
1581 3831 1765 3918 aliqui
1809 3830 2142 3897 sacerdotes
2189 3826 2628 3917 Anglo-Iberni
2655 3850 2849 3913 neque
2876 3834 3299 3905 asseverarunt,

913 3944 1108 4009 neque
1135 3919 1618 4008 Anglo-Ibernis,
1649 3926 1712 3984 et
1738 3917 1973 3983 Ibernis
2003 3927 2337 3983 suaserunt.
2425 3915 2596 3988 Quos
2624 3923 2833 3980 contra
2874 3912 3029 3980 malo
3058 3915 3125 3979 in
3153 3936 3297 4000 prae-

914 4010 1104 4075 sentia
1124 4008 1418 4096 judicium
1448 4005 1758 4072 doctorum
1789 4004 2179 4083 Salmanticae,
2210 4010 2273 4069 et
2298 4000 2631 4069 vallisoleti
2651 4002 3105 4069 clarissimorum
3135 4022 3297 4087 gym-

915 4096 1216 4162 nasiorum
1239 4093 1604 4195 producere,
1659 4113 1839 4192 quam
1880 4091 1945 4155 in
1992 4113 2056 4155 re
2105 4097 2253 4193 tam·
2272 4096 2491 4177 aperta,
2522 4096 2584 4153 et
2610 4090 2931 4175 conspicua
2981 4088 3295 4187 disputare.

913 4182 1461 4335 1Ιιᾶῦθειίὼοὶκεοι·ιιιιι
1489 4178 1746 4245 Ibermae
1773 4176 1997 4243 benum
2027 4183 2361 4263 gerentium
2388 4184 2605 4264 rogatu
2642 4176 2771 4242 sero
2797 4174 3099 4263 prolatum
3125 4182 3209 4240 ita
3237 4196 3297 4238 se

957 4293 992 4336 a
1033 4277 1117 4336 et.

922 4434 1178 4497 Censura
1218 4431 1536 4495 Doctorum
1598 4428 2062 4494 Universitatum
2111 4424 2504 4504 Salmanticoe,
2549 4430 2609 4489 et
2648 4424 2708 4490 V
2696 4423 2986 4489 allisoleti
3028 4424 3101 4487 de
3142 4446 3297 4507 proe-

999 4519 1155 4584 senti
1199 4519 1246 4582 I
1241 4517 1453 4583 bemioe
1499 4517 1670 4596 bello,
1714 4522 1774 4580 et
1823 4516 2131 4579 eorundem
2178 4512 2502 4577 declaratio
2552 4511 2887 4575 litterarum
2943 4510 3299 4575 sanctissimi

1001 4605 1247 4669 Domini
1274 4604 1463 4670 nostri
1509 4602 1821 4669 OEenoentis
1847 4602 2034 4685 Papae
2071 4598 2248 4666 VIII.
2278 4620 2455 4682 svper
2480 4599 2671 4664 eodem
2698 4598 2867 4662 bello.

989 4766 1397 4820 Illustrissimus
1439 4766 1692 4837 princeps
1717 4764 1889 4836 Hugo
1918 4762 2184 4819 O'Nellus
2206 4760 2411 4816 bellum
2435 4761 2581 4833 gerit
2606 4778 2729 4814 cum
2766 4760 2855 4813 An
2896 4758 2982 4813 lim
3110 4758 3217 4821 Ἧι,
3242 4762 3299 4811 et

919 4838 1114 4910 Anglis
1139 4838 1208 4890 ob
1234 4836 1572 4892 catholicam
1614 4836 1932 4909 religionem
1974 4833 2251 4896 tuendam,
2292 4841 2357 4887 ut
2398 4832 2607 4887 scilicet
2646 4831 2810 4886 liceat
2846 4777 2948 4893 illi,
2983 4774 3296 4885 ctaqlberuis
