3634 5842
917 744 1044 807 208
1301 741 1718 807 o’sunnnvam
1763 760 2075 809 rusronna
2120 758 2507 819 cunonem,
2550 758 2700 803 rou.
2747 757 2851 801 111.
3034 733 3191 821 [ms.
3238 758 3303 807 v.

919 928 1100 1005 mitti,
1139 928 1204 991 in
1234 947 1406 1013 aequo
1435 927 1588 1005 loco,
1635 926 1740 992 ubi
1783 931 1928 1005 erat,
1960 926 2140 1011 coepit
2180 925 2451 1011 praeliari,
2482 930 2545 991 et
2572 925 2609 989 6
2634 922 3019 991 multitudine
3047 922 3311 990 hostium

919 1014 1126 1081 cedere
1153 1013 1285 1079 loco
1316 1020 1558 1079 coactus
1587 1013 1662 1079 ad
1695 1012 2062 1079 Gulielmum
2092 1034 2220 1077 sese
2262 1012 2487 1097 recipit.
2574 1010 2775 1077 Ambo
2802 1034 3009 1077 rursus
3036 1011 3309 1097 praelium

919 1101 1389 1187 redintegrantes
1438 1110 1558 1165 tres
1609 1101 1782 1166 horas
1834 1101 2035 1166 hostes
2084 1100 2275 1164 secuti
2324 1099 2536 1164 arciter
2586 1098 2890 1178 dimicant,
2940 1098 3047 1164 sed
3096 1121 3307 1185 parum

919 1188 1123 1254 damni
1167 1188 1506 1266 inferentes,
1539 1188 1679 1275 quia
1727 1188 1846 1253 fuit
1895 1187 2083 1252 hostis
2132 1208 2209 1251 an
2296 1185 2425 1250 stiis
2456 1184 2754 1266 dimissus,
2783 1186 2850 1250 in
2879 1184 3096 1272 quibus
3125 1186 3309 1251 Vate-

917 1296 1042 1355 rus‚
1073 1280 1134 1339 et
1161 1275 1420 1340 Thomas
1447 1274 1592 1339 totis
1614 1273 1842 1339 viribus
1866 1274 2139 1339 resistere
2167 1271 2241 1337 de
2283 1271 2480 1337 ebant.
2566 1272 2863 1338 Caeterum
2892 1274 2958 1337 hi
2986 1272 3307 1339 causaban-

917 1370 1037 1442 tur,
1069 1360 1183 1427 sibi
1209 1362 1564 1448 imperatum
1612 1361 1812 1439 fuisse,
1842 1382 1923 1425 ne
1963 1358 2385 1446 praeliarentur,
2432 1358 2621 1424 donec
2648 1358 2749 1425 alii
2776 1381 3041 1446 pugnam
3068 1360 3307 1425 inchoa·-

915 1457 1071 1527 rent,
1103 1448 1206 1514 sed
1235 1449 1597 1513 contrarium
1643 1446 1816 1512 multi
1864 1447 2176 1525 affirmant,
2206 1451 2269 1510 et
2296 1445 2508 1510 dicunt
2551 1444 2687 1511 illos
2715 1453 2921 1533 pactos
2948 1447 3130 1511 fuisse
3168 1469 3307 1512 cum

915 1535 1167 1601 Essexio
1194 1557 1300 1621 per
1329 1534 1626 1619 quendam
1651 1533 1957 1613 Tirellum,
1988 1556 2065 1599 ne
2090 1533 2206 1619 ipsi
2228 1532 2569 1597 obessent*
2611 1531 2703 1597 Ut
2732 1533 3059 1598 secundum
3087 1534 3309 1603 crimen

918 1622 1276 1708 punirentur
1319 1621 1537 1686 Daniel
1587 1620 1730 1687 Mac
1757 1619 1981 1686 Carrha
2026 1620 2276 1698 censuit,
2308 1643 2431 1684 non
2478 1626 2678 1685 tamen
2706 1642 2905 1685 comes
2932 1620 3190 1685 militum
3218 1642 3309 1685 se-

917 1710 1242 1775 cessionem
1272 1709 1510 1773 timens.
1596 1706 1814 1774 Postea
1858 1708 1985 1772 rixa
2033 1708 2165 1772 orta
2190 1706 2449 1772 Thomas
2476 1707 2595 1772 fuit
2620 1708 2658 1771 6
2684 1707 2864 1771 Petro
2892 1706 3101 1771 Lessio
3128 1708 3310 1773 inter-

918 1796 1130 1863 fectus.
1153 1794 1246 1860 Ut
1261 1794 1569 1861 redeamus
1587 1793 1663 1859 ad
1681 1818 1802 1859 rem
1811 1820 1831 1873 ς
1850 1794 2134 1859 Essexius
2153 1794 2527 1858 Asketiniam
2547 1794 2832 1880 pervenit,
2850 1793 2915 1859 in
2934 1795 3105 1880 cujus
3122 1800 3313 1859 castra

919 1880 1212 1948 Catholici
1227 1889 1415 1947 noctu
1443 1883 1672 1947 faciunt
1685 1882 1997 1966 impetum.
2042 1880 2358 1947 Asketinia
2385 1881 2639 1946 firmiore
2657 1880 2933 1966 praesidio
2950 1880 3184 1945 munita
3201 1880 3312 1945 Es-

919 1970 1118 2035 sexius
1135 1968 1386 2035 ulterius
1405 1968 1682 2053 progredi
1702 1990 1825 2033 non
1844 1990 2024 2031 ausus
2043 1967 2139 2032 die
2154 1966 2347 2032 Lu‘nae
2366 1974 2649 2053 sequente
2668 1966 2993 2053 redivitper
3010 1966 3310 2033 aliuditer.

923 2055 1052 2121 Ubi
1084 2077 1158 2120 ex
1201 2055 1473 2121 arboreto
1518 2056 1691 2141 juxta
1733 2053 1985 2119 Finiteri
2034 2058 2302 2139 pagum†
2344 2054 2533 2134 (Baile
2560 2077 2639 2120 an
2678 2054 2995 2139 Fhiniteri)
3028 2054 3319 2121 Catholici

917 2149 1295 2227 erumpentes
1313 2142 1592 2227 primum,
1609 2140 1911 2219 ultimum,
1930 2146 1991 2205 et
2008 2140 2203 2205 media
2219 2142 2458 2226 agmina
2473 2141 2653 2206 simul
2670 2141 2981 2206 invadunt.
3014 2140 3314 2207 Henricus

919 2229 987 2293 N
987 2228 1138 2294 orris
1167 2248 1350 2314 eques
1380 2234 1620 2293 auratus
1650 2227 1909 2313 Anglus,
1962 2226 2004 2291 J
2007 2226 2278 2307 ohannis,
2308 2234 2371 2291 et
2397 2228 2645 2294 Thomae
2662 2230 2853 2295 frater
2880 2228 2945 2294 in
2972 2227 3313 2295 Catholicos

919 2336 1076 2401 equo
1103 2323 1312 2404 votus
1362 2314 1530 2380 firmo
1581 2312 2131 2379 bombardariorum
2182 2316 2419 2399 agmine
2466 2314 2721 2380 vallatus
2766 2315 3049 2401 plumbea.
3098 2315 3315 2401 glande

921 2402 1232 2468 confossus
1261 2423 1416 2487 equo
1445 2402 1694 2470 corruit.
1775 2400 1901 2466 Alii
1932 2422 2006 2465 ex
2048 2400 2227 2487 regiis
2260 2401 2459 2480 multi,
2498 2409 2560 2467 et
2590 2424 2664 2467 ex
2690 2402 3013 2469 Catholicis
3040 2402 3317 2468 nonnulli

921 2488 1374 2555 desiderantur:
1419 2511 1562 2553 nam
1589 2487 1664 2553 ab
1707 2486 1857 2553 hort.
1883 2488 2045 2552 nona
2074 2499 2211 2553 ante
2242 2487 2567 2569 meridiem,
2597 2510 2789 2575 usque
2818 2489 2894 2555 ad
2922 2490 3193 2576 quintam
3214 2512 3319 2576 po-

923 2574 1314 2642 meridianam
1387 2576 1503 2641 suit
1573 2580 1931 2663 pugnatum,
1984 2575 2175 2640 donec
2232 2574 2519 2640 Essexius
2568 2575 2908 2659 Crumuiaess
2968 2576 3317 2645 consederit.

921 2662 1104 2728 Unde
1132 2685 1339 2729 rursus
1381 2662 1626 2728 Desiam
1671 2684 1862 2748 usque
1910 2660 2273 2727 Desmonius
2300 2663 2570 2747 sequitur
2596 2686 2702 2749 per
2740 2686 2843 2729 sex
2872 2664 2997 2729 dies
3024 2670 3231 2743 noctu,
3261 2670 3321 2730 et

922 2750 1186 2816 interdiu
1213 2750 1508 2836 praelians,
1539 2756 1599 2814 et
1621 2750 1748 2835 ejus
1793 2748 2119 2814 exercitum
2148 2750 2540 2835 extenuans.§
2628 2749 2777 2815 Post
2804 2750 3037 2815 Essexii
3063 2752 3321 2817 reditum

924 2836 1340 2903 Dubhlinnam
1385 2858 1492 2901 arx
1535 2836 1790 2901 Cathara
1819 2835 1859 2899 ὲ.
1885 2836 1927 2901 J
1928 2838 2084 2900 aimo
2134 2834 2413 2901 Buttlero
2456 2837 2711 2903 Batonis
2736 2838 2917 2903 fratre
2944 2838 3321 2924 praesidiariis

923 2924 1142 3009 Anglis
1170 2924 1397 3002 occisis,
1426 2922 1591 2988 brevi
1632 2925 2071 3009 recuperatur-‚ss

1021 3012 1355 3077 Secundam
1386 3009 1824 3097 expeditionem
1852 3030 2060 3074 rursus
2089 3008 2376 3075 Essexius
2402 3009 2547 3075 facit
2588 3010 2654 3075 in
2678 3008 3111 3099 ,O'Conchuroe
3140 3012 3321 3100 Ipha-

927 3096 1062 3176 lios,
1091 3104 1154 3161 et
1183 3096 1518 3176 O'Morras,
1547 3118 1686 3161 cum
1716 3095 1936 3181 quibus
1964 3116 2173 3181 parum
2196 3096 2474 3183 prospere
2490 3120 2532 3183 p
2662 3120 2767 3163 ans
2784 3098 3109 3164 exercitum
3128 3099 3319 3165 indies

931 3183 1228 3260 minuitdf
1273 3181 1474 3253 Quare
1500 3183 1567 3246 in
1597 3181 1929 3248 O'Nellum
1955 3182 2332 3268 profecturus
2358 3205 2434 3249 ex
2450 3118 2679 3271 Αῃιέῗιῧ
2706 3184 3040 3251 subsidium
3060 3188 3326 3272 petits**

1005 3348 1030 3374 ·
1069 3346 1170 3403 See
1193 3346 1305 3401 this
1326 3345 1500 3401 battle
1536 3346 1821 3402 described
1844 3344 1901 3399 in
1923 3345 2020 3401 the
2046 3347 2199 3401 Fom-
2220 3346 2474 3416 Manere,
2498 3367 2552 3421 p.
2575 3348 2737 3409 2117.
2812 3349 2872 3403 It
2906 3367 3017 3404 was
3042 3349 3139 3405 fou
3176 3349 3243 3405 ht
3262 3358 3320 3407 at

933 3416 1173 3484 Rosver,
1198 3418 1255 3471 in
1275 3417 1369 3471 the
1393 3417 1578 3489 pas-ish
1618 3418 1684 3471 of
1717 3416 1925 3472 Adare.
2001 3418 2281 3489 Dymolt,
2305 3436 2358 3490 p.
2388 3422 2475 3474 36.
2553 3420 2675 3475 Our
2715 3421 2914 3475 author
2952 3420 3108 3477 alone
3172 3422 3323 3477 etsils

932 3490 1028 3543 the
1050 3488 1589 3561 misunderstanding
1609 3488 1718 3542 and
1745 3487 2071 3543 dissensions
2094 3490 2339 3545 between
2357 3492 2452 3544 the
2478 3490 2624 3546 Irish
2648 3490 2878 3547 leaders.
2952 3491 3327 3559 Clanriclnrd,

931 3560 1076 3615 after
1099 3559 1345 3697 meeting¹
1364 3560 1458 3613 the
1483 3558 1625 3615 Esrl
1661 3568 1720 3615 st
1744 3560 2040 3625 himer-ioli,
2063 3560 2172 3614 had
2196 3562 2459 3617 returned
2482 3570 2542 3616 to
2570 3563 2917 3635 Connaught.

931 3632 1294 3761 Aga-{ymmo
1361 3650 1415 3703 p.
1440 3634 1531 3685 86.
1607 3630 1758 3685 Four
1795 3632 2055 3698 Manen-s,
2078 3649 2133 3704 p.
2159 3635 2323 3689 2119.
2398 3633 2810 3698 Finiterstown‚
2834 3635 2891 3689 in
2925 3634 3021 3689 the
3056 3636 3244 3707 par-ish
3268 3634 3333 3691 of

1075 3774 1280 3829 Croom
1307 3772 1509 3828 Castle.

1001 3776 1036 3912 ξ
1058 3846 1210 3899 Fom·
1251 3844 1508 3910 Manere,
1549 3861 1606 3916 p.
1651 3847 1809 3899 2119.
1886 3842 2164 3915 Dymmolt,
2186 3864 2239 3917 p.
2264 3845 2350 3906 37.
2424 3846 2549 3901 The
2590 3848 2760 3903 latter
2782 3865 2949 3903 never
2986 3849 3185 3903 admits
3208 3850 3327 3904 that

931 3914 1112 3970 Essex
1155 3916 1392 3970 suffered
1433 3914 1644 3970 serious
1683 3916 1814 3978 loss,
1836 3915 2069 3986 though,
2091 3917 2248 3970 when
2271 3918 2365 3971 the
2391 3918 2704 3990 expedition
2728 3919 2991 3973 returned
3015 3927 3074 3973 to
3099 3920 3327 3983 Dublin,

931 3995 993 4042 st
1015 3988 1110 4041 the
1133 3987 1239 4042 end
1264 3985 1330 4040 of
1347 3985 1386 4040 J
1387 3986 1444 4039 ul
1482 4027 1497 4052 ,
1520 3994 1558 4021 “
1578 3986 1671 4039 the
1695 3985 1927 4040 soldier-s
1962 4004 2106 4041 were
2129 3988 2384 4051 wear-led,
2408 3990 2599 4062 siclssy,
2622 3991 2731 4045 and
2755 3990 2899 4044 their
2922 3990 3153 4045 number
3174 4008 3329 4046 more

933 4059 1065 4113 than
1091 4076 1126 4111 a.
1147 4076 1274 4112 man
1299 4057 1424 4111 conl
1487 4056 1709 4123 believe,
1733 4056 2427 4113 diminished.”.-eamden.

1009 4132 1029 4199 ΙΙ
1069 4128 1190 4183 Not
1211 4128 1354 4183 until
1381 4128 1532 4199 May,
1560 4130 1716 4183 1600.
1792 4128 2059 4183 Hibernia
2083 4128 2313 4193 Pacata,
2339 4132 2448 4186 vol.
2470 4130 2508 4186 i.
2534 4148 2589 4203 p.
2615 4132 2705 4191 76.

1005 4202 1052 4269 Ἰ
1088 4200 1368 4271 Dymmok,
1392 4217 1447 4272 p.
1469 4202 1557 4253 42.

1006 4272 1058 4300 ‘⁸
1083 4271 1320 4326 Neither
1339 4271 1433 4325 the
1451 4270 1602 4325 Four
1613 4270 1861 4324 Masters
1883 4286 1987 4322 nor
2012 4287 2117 4323 our
2135 4270 2336 4325 author
2361 4272 2605 4327 mention
2629 4272 2723 4327 the
2746 4288 2966 4327 reverse
2990 4272 3057 4328 of
3073 4274 3253 4329 Essex
3276 4276 3331 4329 in

937 4340 1225 4397 wicklow.
1298 4340 1576 4412 Dymmolt,
1601 4358 1655 4411 p.
1684 4342 1775 4394 41.
1852 4339 1911 4393 It
1950 4340 1995 4393 is
2032 4340 2127 4395 the
2152 4359 2299 4397 same
2324 4362 2384 4398 as
2407 4344 2530 4399 that
2556 4344 2841 4400 described
2865 4343 2935 4417 by
2961 4343 3259 4411 Lombsrd,
3274 4364 3329 4418 p.

933 4416 1063 4477 417,
1086 4413 1210 4469 who
1234 4413 1470 4468 mistook
1494 4412 1590 4467 the
1611 4429 1772 4467 scene
1792 4410 1860 4465 of
1874 4410 1971 4465 the
1994 4412 2195 4467 action.
