3634 5842
884 702 1008 765 102
1311 696 1730 763 o’sumvm
1775 712 2089 761 amem
2132 711 2522 771 cunonem,
2564 710 2712 759 rou.
2760 712 2834 755 11.
2974 692 3135 776 [un.
3178 712 3271 758 iv.

879 869 1147 937 validum
1191 868 1620 957 persecutionis
1667 868 2160 955 impedimentum
2208 866 2553 947 declinasse,
2602 866 2817 969 purtim
2868 864 3048 933 etiam
3099 864 3274 931 anxia

880 956 1044 1044 quod
1071 957 1114 1021 J
1113 956 1378 1023 ohannes
1405 955 1753 1021 Giraldinus
1781 954 2015 1021 comitis
2028 953 2229 1033 frater,
2246 954 2339 1019 vir
2356 974 2789 1038 magnanimus,
2806 952 3029 1040 largus,
3046 950 3273 1019 artibus

879 1043 1024 1110 belli
1065 1043 1280 1124 clarus,
1307 1048 1372 1110 et
1399 1042 1634 1109 Ibernis
1681 1048 1961 1131 acceptus
1986 1041 2055 1107 in
2102 1039 2375 1107 libertate
2416 1042 2782 1107 constitutus
2808 1047 2984 1107 esset.
3072 1038 3273 1126 Igitur

879 1138 954 1197 ut
981 1152 1116 1196 eum
1147 1131 1326 1196 etism
1353 1130 1568 1217 capiat,
1611 1150 1854 1215 operam
1896 1128 2040 1193 dat:
2084 1127 2266 1214 idque
2313 1128 2485 1195 nullo
2534 1128 2775 1215 negotio
2818 1126 2939 1194 fuit
2984 1134 3271 1207 assecuta,

881 1216 1428 1391 233a¹bffzmmffgz³1s
1427 1214 2073 1368 {mum
2088 1214 3274 1369 ...emnem

881 1413 1022 1457 cum
1047 1354 1246 1471 fratre,
1275 1391 1438 1455 hunc
1464 1324 2023 1475 quoqueqcsrcerem
2050 1386 2331 1454 detrudit.
3128 1324 3235 1389 erg

971 1476 1109 1542 Hoc
1135 1474 1386 1543 moleste
1413 1476 1607 1542 ferens
1636 1476 1679 1540 J
1680 1476 1871 1542 aimus
1902 1474 2247 1541 Girsldinus
2277 1474 2547 1540 Maur-iiii
2575 1475 2751 1555 filius,
2782 1476 3015 1542 comitis
3044 1475 3275 1542 Giraldi

881 1564 1187 1652 patruelis,
1214 1570 1398 1651 negat
1424 1586 1489 1629 se
1515 1564 1738 1649 reginae
1795 1561 2143 1662 authoritati
2167 1561 2336 1648 prius
2364 1561 2926 1715 obtempffizturum,
2956 1564 3137 1650 quem
3172 1562 3276 1629 illa

886 1651 1183 1737 patrueles
1199 1652 1474 1717 restituat
1498 1651 1567 1716 in
1595 1649 1909 1736 pristinam
1932 1648 2288 1717 hbertatem.
2374 1646 2540 1713 Hinc
2688 1672 2791 1715 um
2816 1657 3037 1716 ortum.
3090 1650 3135 1715 J
3136 1650 3275 1716 simi

883 1744 1081 1824 partes
1110 1744 1443 1824 sequuntur
1489 1736 1784 1825 patrueles
1811 1736 1931 1816 alii,
1958 1756 2169 1802 omnes
2196 1732 2319 1801 fere
2360 1734 2595 1801 comitis
2636 1736 2899 1816 clientes,
2946 1744 3077 1803 totu
3122 1760 3275 1824 pene

885 1824 1333 1891 Girsldinorum
1381 1824 1708 1891 Momoniae
1757 1823 2013 1891 familie':
2034 1820 2083 1866 ‘¹¹'
2142 1844 2218 1889 ex
2275 1822 2541 1888 finitimis
2598 1823 2923 1890 Momoniis
2976 1824 3271 1903 nonnulli,

885 1910 1139 1978 maxime
1184 1911 1328 1977 Mac
1357 1912 1592 1977 Suinnii
1621 1911 1869 1997 equites,
1890 1908 2244 1976 nominatim
2259 1908 2636 1989 Edmundus,
2666 1910 2992 1999 Eugenius,
3024 1911 3272 1977 Maurus

885 1999 1166 2065 avunculi
1195 1999 1347 2063 mei:
1391 1998 1575 2085 aliqui
1599 1999 1668 2064 in
1695 1996 1931 2063 Bearrae
1979 1998 2316 2084 principatu
2344 1997 2496 2062 duce
2535 1994 2847 2084 Dermysio
2875 1998 3272 2065 O’Sullevano

887 2091 1058 2171 patre
1097 2108 1252 2164 mee,
1283 2091 1346 2149 et
1374 2084 1487 2150 alia
1521 2085 1810 2171 juventus
1860 2085 2163 2150 animosa:
2212 2105 2467 2171 quorum
2495 2086 2675 2170 operh
2702 2091 2764 2149 et
2792 2086 3013 2151 virtute
3038 2084 3083 2150 J
3082 2086 3272 2152 simus

885 2172 1122 2237 comitis
1148 2172 1432 2271 patruelis
1461 2170 1857 2257 possessiones
1886 2176 2154 2257 occupet,
2186 2178 2248 2235 et
2272 2170 2431 2236 tueri
2476 2170 2805 2238 contendit.
2868 2172 3099 2257 Regina
3124 2194 3273 2260 prae-

883 2257 1058 2324 fectis
1085 2280 1209 2323 suls
1239 2256 1512 2338 Iberniae,
1544 2264 1615 2323 ut
1643 2280 1706 2323 se
1732 2258 1799 2323 in
1826 2255 2072 2323 rebelles
2118 2257 2453 2345 expediant,
2503 2258 2589 2323 im
2727 2264 2794 2324 t:
2836 2260 3114 2325 comitem
3156 2259 3275 2325 Ur-

886 2345 1103 2410 moniae
1129 2345 1286 2411 vetei
1315 2344 1760 2410 Girsldinorum
1803 2343 1945 2409 odio
1994 2343 2165 2409 facile
2212 2346 2493 2411 concitat.
2630 2345 2869 2412 hemam
2898 2346 3274 2413 Gimldinum

885 2432 1240 2519 cognomine
1268 2430 1849 2505 Rubrum†.Girsldi
1874 2432 2154 2497 comitem
2180 2430 2419 2497 fratrem
2437 2436 2587 2497 natu
2602 2433 2930 2517 maximum
2958 2456 3063 2519 spe
3089 2435 3273 2499 comi-

885 2520 1050 2585 tatus
1079 2518 1390 2585 obtinendi
1416 2517 1705 2598 accendit,
1735 2519 2039 2584 hominem
2065 2540 2191 2583 non
2218 2518 2361 2584 setis
2388 2524 2725 2605 compotem
2750 2520 2985 2600 mentis,
3004 2528 3066 2588 et
3092 2522 3271 2587 comi-

885 2612 1049 2672 tatus
1075 2606 1418 2692 proefectum
1447 2606 1739 2686 nominat,
1791 2607 1896 2691 qui
1922 2606 2227 2692 proximus
2273 2606 2492 2691 gradus
2534 2606 2611 2672 ad
2638 2606 2873 2673 comitis
2898 2608 3145 2673 titulum
3186 2608 3273 2674 illi

885 2694 1087 2759 forsan
1105 2692 1450 2759 videbatur:
1497 2694 1726 2759 animos
1755 2692 2111 2758 Ibemorum
2126 2714 2434 2777 procerum
2466 2692 2759 2792 solicitet:
2804 2696 3273 2780 persecutionem

885 2778 1084 2845 laxat:
1127 2780 1355 2846 indicet
1383 2802 1446 2845 se
1471 2803 1598 2846 non
1626 2780 1700 2845 de
1727 2780 2031 2866 religione.
2062 2778 2167 2845 sed
2195 2778 2270 2844 de
2288 2780 2426 2866 jure
2454 2779 2701 2846 domimi
2728 2780 3101 2848 contendere.
3176 2782 3273 2848 Its

885 2866 1043 2933 bello
1093 2866 1369 2947 conflato,
1419 2868 1636 2932 mirum
1683 2873 1791 2946 est,
1845 2868 2070 2952 quanta
2116 2864 2414 2932 faelicitate
2463 2864 2506 2931 J
2506 2866 2713 2949 simus,
2744 2874 2807 2934 et
2854 2890 2961 2956 per
2988 2890 3052 2935 se
3078 2876 3143 2935 et
3168 2892 3272 2971 per

879 2953 1111 3040 legatos
1160 2953 1302 3021 Mac
1353 2953 1635 3019 Suinnios
1683 2954 1911 3039 equites
1960 2960 2022 3019 et
2070 2952 2217 3018 alios
2266 2955 2679 3039 pugnaverim:
2766 2955 2988 3042 Regios
3012 2954 3088 3023 sd
3116 2954 3271 3023 Kill-

885 3038 1306 3126 muchalogum
1335 3063 1413 3127 op
1455 3039 1623 3106 idum
1651 3040 1809 3105 fudit
1828 3040 1891 3125 ;§
1934 3039 2012 3105 sd
2064 3040 2393 3105 Ssnnidum
2442 3041 2741 3107 tumulum
2777 3044 3053 3129 (Sannid)
3088 3044 3267 3111 vicit=

885 3148 1022 3191 cum
1050 3125 1168 3191 illis
1189 3126 1265 3191 ed
1292 3063 1582 3193 Kuiilchu
1629 3127 1751 3191 'um
1779 3125 1989 3191 silvam
2023 3126 2452 3213 (Kuill-chugi)
2486 3128 2763 3228 prospere
2792 3128 3108 3198 dimicavit.
3169 3130 3271 3199 Ad

885 3210 1198 3277 Cluoniam
1227 3219 1350 3277 tem
1391 3212 1518 3278 lum
1621 3234 1913 3298 organum
1940 3212 2154 3278 ducem
2180 3214 2495 3296 interfecit,
2512 3220 2575 3279 et
2592 3236 2719 3300 ejus
2764 3218 2964 3304 copies
3014 3216 3267 3286 delevit:

883 3304 948 3363 et
976 3296 1118 3363 alibi
1146 3298 1196 3362 si
1240 3322 1319 3364 na
1369 3299 1590 3365 eliciter
1617 3297 1893 3364 contulit.
1980 3298 2197 3385 Neque
2216 3300 2473 3387 incaepto
2502 3300 2733 3367 destitit
2760 3302 2950 3371 donec
2975 3308 3268 3392 patrueles

887 3405 1083 3449 comes
1112 3391 1173 3449 et
1245 3386 1506 3451 ohannes
1535 3408 1764 3451 carcere
1793 3384 2021 3451 dimissi
2046 3386 2111 3451 in
2152 3385 2473 3471 pristinum
2512 3394 2735 3455 statum
2762 3391 2986 3459 fuerint
3012 3394 3269 3461 restituti

885 3477 948 3535 et
975 3470 1103 3558 ipse
1130 3472 1548 3559 impunitatem
1575 3480 1802 3561 pectus.
1815 3474 1845 3556 ΙΙ
2700 3476 2709 3486 ’

957 3700 982 3726 ·
1020 3696 1140 3752 Not
1163 3698 1258 3753 the
1283 3697 1680 3753 Fitzmsurices
1705 3698 1772 3753 of
1788 3696 2183 3753 Lixum—but
2205 3716 2365 3771 many
2402 3700 2463 3755 of
2502 3700 2598 3755 the
2620 3702 2711 3756 old
2737 3702 2902 3774 Irish,
2928 3710 3021 3764 the
3046 3711 3187 3767 Esrl
3210 3714 3275 3769 of

889 3770 1148 3835 Glencsr,
1175 3772 1290 3833 &c.‚
1312 3770 1585 3824 included.

955 3843 986 3907 †
1021 3838 1281 3913 O'Daly‘s
1313 3841 1639 3904 Ger-aldins,
1661 3859 1715 3912 p.
1759 3880 1772 3895 .
1795 3844 1887 3904 54,
1908 3842 2000 3895 56.

957 3912 989 3980 ss
1027 3910 1089 3966 In
1119 3914 1272 3975 1569,
1298 3912 1460 3967 while
1499 3912 1595 3966 the
1633 3930 1732 3983 psr
1758 3912 1960 3966 ‘sment
1998 3928 2108 3967 was
2130 3912 2287 3967 sittin
2327 3952 2345 3978 ‚
2370 3912 2743 3972 Fitzmsurice
2766 3920 3052 3977 combined
3076 3925 3151 3979 ull
3174 3926 3264 3981 the

888 3981 1034 4037 Irish
1061 3982 1127 4036 cf
1141 3983 1237 4037 the
1259 3982 1436 4039 south
1457 3982 1673 4054 against
1709 3984 1804 4037 the
1827 3992 2204 4055 government,
2225 4001 2295 4037 sn
2356 3984 2519 4039 sided
2541 3985 2611 4059 by
2652 3988 2747 4043 the
2786 3990 3037 4049 brothers
3074 3997 3143 4050 of
3174 3998 3264 4053 the

887 4054 1023 4109 Esrl
1047 4052 1113 4105 of
1137 4052 1406 4120 Ormcnd,
1423 4052 1676 4125 besieged
1691 4053 1989 4125 Kilkenny,
2004 4055 2201 4109 sacked
2216 4054 2605 4129 Enniscorthy.
2646 4062 2769 4116 Cot.
2840 4065 2990 4118 Fom-
3014 4066 3262 4124 Manen.
3310 4098 3315 4103 .

888 4124 1020 4179 Hsd
1041 4132 1141 4177 not
1163 4122 1272 4179 this
1294 4126 1469 4197 rising
1489 4124 1655 4178 taken
1677 4124 1851 4194 plsce,
1874 4126 2031 4179 there
2068 4126 2247 4197 might
2268 4126 2406 4180 hsve
2428 4126 2563 4182 been
2584 4131 2746 4201 pensl
2781 4140 3016 4191 statute„
3040 4142 3265 4196 emend

885 4198 942 4250 in
965 4196 1089 4250 that
1149 4195 1437 4250 srliament
1457 4194 1673 4266 against
1697 4195 1994 4250 catholice.

958 4269 988 4336 5
1011 4268 1080 4323 A.
1141 4304 1158 4320 .
1191 4267 1346 4327 1571.
1418 4266 1540 4321 The
1564 4264 1691 4320 date
1714 4266 1781 4319 os
1787 4266 1881 4321 the
1900 4267 2062 4321 other
2084 4266 2241 4321 three
2263 4267 2463 4323 battles
2486 4272 2795 4328 mentioned
2808 4276 2955 4345 here,
2970 4288 3069 4335 not
3091 4282 3147 4336 in
3172 4283 3264 4337 the

881 4338 1044 4395 Fom-
1069 4338 1132 4393 M
1135 4345 1326 4393 ssters.
1397 4336 1648 4392 Killchui
1689 4337 1702 4351 “
1727 4338 1793 4400 is,
1817 4337 2101 4409 probably,
2124 4338 2249 4392 that
2270 4340 2429 4394 ποσὰ
2464 4341 2521 4394 in
2552 4342 2727 4397 which
2752 4344 3123 4407 Fitzmsurice
3145 4368 3262 4408 sur.

887 4410 1071 4481 prised
1107 4409 1217 4463 and
1253 4409 1441 4481 nearly
1481 4408 1610 4463 slew
1703 4416 1883 4463 errott
1922 4408 1978 4462 in
2025 4410 2179 4468 1572.
2252 4408 2378 4483 Life
2414 4414 2487 4479 of
2512 4412 2749 4481 Per-rote,
2773 4435 2827 4488 p.
2856 4420 2943 4478 7⁰.
3023 4425 3079 4477 lt
3102 4425 3147 4478 ig
3170 4426 3263 4479 the

887 4499 1033 4534 same
1055 4496 1115 4535 ss
1141 4480 1422 4553 Kylhogy‚
1447 4498 1503 4552 p.
1531 4482 1620 4546 65,
1635 4478 1767 4545 ibid,
1793 4480 1903 4533 and
1918 4478 2182 4553 Kilgueg,
2198 4498 2332 4534 near
2367 4479 2721 4540 Kilmsllock.
2760 4490 2889 4552 Cox,
2912 4510 2968 4562 p.
2996 4496 3121 4553 372,

960 4554 979 4620 fi
1023 4550 1127 4604 His
1163 4552 1349 4619 castle,
1390 4550 1722 4607 Csstlemsiu
1765 4552 1823 4604 in
1864 4550 2069 4622 Rei-ry,
2112 4568 2222 4607 was
2263 4552 2515 4625 besieged
2541 4554 2610 4627 by
2636 4556 2866 4614 Perrott
2890 4562 2945 4615 in
2978 4568 3131 4631 1571,
3156 4568 3263 4622 and

888 4622 1046 4693 again
1087 4622 1143 4674 in
1191 4625 1344 4688 1572,
1367 4625 1522 4678 when
1562 4622 1609 4678 it
1649 4640 1759 4677 wss
1797 4623 1961 4680 taken
1983 4623 2129 4677 sster
2152 4642 2188 4677 s
2210 4622 2367 4677 three
2408 4626 2641 4680 months·
2662 4629 2821 4701 siege.
2896 4634 2988 4689 He
3012 4636 3141 4693 held
3164 4648 3261 4694 out

894 4692 1034 4745 until
1066 4694 1218 4751 157³.
1289 4697 1440 4750 Four
1465 4696 1717 4757 Manen,
1745 4692 1961 4757 Moore,
1984 4694 2090 4749 vol.
2116 4694 2186 4749 iv.
2210 4712 2263 4765 p.
2292 4694 2380 4752 71.
2452 4694 2650 4751 Moore
2674 4714 2981 4772 represents
3016 4708 3101 4763 hig
3136 4711 3259 4765 gub.

889 4763 1107 4817 mission
1128 4782 1185 4818 as
1200 4768 1567 4837 unqualified3
1607 4765 1700 4819 the
1725 4764 1881 4819 Four
1906 4765 2145 4819 Masters
2168 4783 2227 4819 ss
2250 4782 2287 4819 a
2306 4772 2484 4837 tresty
2504 4767 2571 4821 of
2582 4786 2763 4841 peace,
2782 4774 2888 4829 like
2912 4795 3015 4833 our
3036 4783 3255 4837 author,
