<?xml version="1.0" encoding="UTF-8"?>
<!DOCTYPE html PUBLIC "-//W3C//DTD XHTML 1.0 Transitional//EN"
    "http://www.w3.org/TR/xhtml1/DTD/xhtml1-transitional.dtd">
<html xmlns="http://www.w3.org/1999/xhtml" xml:lang="en" lang="en">
 <head>
  <title>
</title>
<meta http-equiv="Content-Type" content="text/html;charset=utf-8" />
  <meta name='ocr-system' content='tesseract 3.04.00' />
  <meta name='ocr-capabilities' content='ocr_page ocr_carea ocr_par ocr_line ocrx_word'/>
</head>
<body>
  <div class='ocr_page' id='page_1' title='image "./historicatholic00kellgoog_0274.png"; bbox 0 0 3634 5842; ppageno 0'>
   <div class='ocr_carea' id='block_1_1' title="bbox 939 711 3346 795">
    <p class='ocr_par' dir='ltr' id='par_1_1' title="bbox 939 711 3346 795">
     <span class='ocr_line' id='line_1_1' title="bbox 939 711 3346 795; baseline -0.002 -15"><span class='ocrx_word' id='word_1_1' title='bbox 939 715 1064 780; x_wconf 79' lang='lat'><strong>288</strong></span> <span class='ocrx_word' id='word_1_2' title='bbox 1333 712 1752 778; x_wconf 61' lang='lat' dir='ltr'><strong>o’sunnnvam</strong></span> <span class='ocrx_word' id='word_1_3' title='bbox 1796 731 2115 778; x_wconf 64' lang='lat' dir='ltr'><strong>msromae</strong></span> <span class='ocrx_word' id='word_1_4' title='bbox 2160 730 2549 788; x_wconf 60' lang='lat' dir='ltr'><strong>cunonem,</strong></span> <span class='ocrx_word' id='word_1_5' title='bbox 2579 729 2729 774; x_wconf 67' lang='lat' dir='ltr'><strong>rou.</strong></span> <span class='ocrx_word' id='word_1_6' title='bbox 2774 729 2878 774; x_wconf 87' lang='lat'>111.</span> <span class='ocrx_word' id='word_1_7' title='bbox 3006 711 3175 795; x_wconf 76' lang='lat' dir='ltr'><strong>[m.</strong></span> <span class='ocrx_word' id='word_1_8' title='bbox 3212 731 3346 774; x_wconf 73' lang='lat' dir='ltr'><strong>vn.</strong></span> 
     </span>
    </p>
   </div>
   <div class='ocr_carea' id='block_1_2' title="bbox 925 882 3345 3058">
    <p class='ocr_par' dir='ltr' id='par_1_2' title="bbox 928 882 3345 1930">
     <span class='ocr_line' id='line_1_2' title="bbox 933 882 3345 973; baseline -0.002 -21"><span class='ocrx_word' id='word_1_9' title='bbox 933 907 1054 952; x_wconf 82' lang='lat' dir='ltr'><strong>uox</strong></span> <span class='ocrx_word' id='word_1_10' title='bbox 1105 883 1328 950; x_wconf 77' lang='lat' dir='ltr'><strong>dirimit</strong></span> <span class='ocrx_word' id='word_1_11' title='bbox 1375 907 1660 972; x_wconf 86' lang='lat' dir='ltr'><strong>pugnam.</strong></span> <span class='ocrx_word' id='word_1_12' title='bbox 1751 885 1997 951; x_wconf 87' lang='lat' dir='ltr'><strong>Postero</strong></span> <span class='ocrx_word' id='word_1_13' title='bbox 2040 886 2140 966; x_wconf 56' lang='lat' dir='ltr'><strong>⁴die</strong></span> <span class='ocrx_word' id='word_1_14' title='bbox 2184 887 2333 973; x_wconf 88' lang='lat' dir='ltr'><strong>regii</strong></span> <span class='ocrx_word' id='word_1_15' title='bbox 2360 908 2485 952; x_wconf 87' lang='lat' dir='ltr'><strong>rem</strong></span> <span class='ocrx_word' id='word_1_16' title='bbox 2514 906 2619 970; x_wconf 90' lang='lat' dir='ltr'><strong>per</strong></span> <span class='ocrx_word' id='word_1_17' title='bbox 2660 882 2987 969; x_wconf 85' lang='lat' dir='ltr'><strong>legationes</strong></span> <span class='ocrx_word' id='word_1_18' title='bbox 3031 884 3345 949; x_wconf 81' lang='lat' dir='ltr'><strong>conficere</strong></span> 
     </span>
     <span class='ocr_line' id='line_1_3' title="bbox 933 970 3336 1121; baseline -0 -84"><span class='ocrx_word' id='word_1_19' title='bbox 933 971 1182 1037; x_wconf 85' lang='lat' dir='ltr'><strong>ducunt.</strong></span> <span class='ocrx_word' id='word_1_20' title='bbox 1293 971 1774 1059; x_wconf 82' lang='lat' dir='ltr'><strong>Propugnatores</strong></span> <span class='ocrx_word' id='word_1_21' title='bbox 1832 972 2077 1058; x_wconf 87' lang='lat' dir='ltr'><strong>dejecta,</strong></span> <span class='ocrx_word' id='word_1_22' title='bbox 2134 973 2603 1057; x_wconf 86' lang='lat' dir='ltr'><strong>labefactataque</strong></span> <span class='ocrx_word' id='word_1_23' title='bbox 2657 970 2865 1055; x_wconf 88' lang='lat' dir='ltr'><strong>majori</strong></span> <span class='ocrx_word' id='word_1_24' title='bbox 2922 970 3076 1036; x_wconf 86' lang='lat' dir='ltr'><strong>arcis</strong></span> <span class='ocrx_word' id='word_1_25' title='bbox 3130 981 3336 1121; x_wconf 69' lang='lat' dir='ltr'><strong>parte,</strong></span> 
     </span>
     <span class='ocr_line' id='line_1_4' title="bbox 931 1056 3338 1146; baseline -0.001 -22"><span class='ocrx_word' id='word_1_26' title='bbox 931 1058 1146 1124; x_wconf 88' lang='lat' dir='ltr'><strong>amisso</strong></span> <span class='ocrx_word' id='word_1_27' title='bbox 1174 1056 1343 1137; x_wconf 90' lang='lat' dir='ltr'><strong>duce,</strong></span> <span class='ocrx_word' id='word_1_28' title='bbox 1373 1057 1720 1124; x_wconf 83' lang='lat' dir='ltr'><strong>vulneribus</strong></span> <span class='ocrx_word' id='word_1_29' title='bbox 1748 1059 2001 1146; x_wconf 82' lang='lat' dir='ltr'><strong>fatigati,</strong></span> <span class='ocrx_word' id='word_1_30' title='bbox 2030 1060 2235 1126; x_wconf 87' lang='lat' dir='ltr'><strong>multis</strong></span> <span class='ocrx_word' id='word_1_31' title='bbox 2254 1059 2423 1126; x_wconf 86' lang='lat' dir='ltr'><strong>malis</strong></span> <span class='ocrx_word' id='word_1_32' title='bbox 2441 1057 2674 1136; x_wconf 83' lang='lat' dir='ltr'>defessi,</span> <span class='ocrx_word' id='word_1_33' title='bbox 2693 1058 2871 1143; x_wconf 85' lang='lat' dir='ltr'><strong>pacti,</strong></span> <span class='ocrx_word' id='word_1_34' title='bbox 2890 1064 2964 1122; x_wconf 90' lang='lat' dir='ltr'><strong>ut</strong></span> <span class='ocrx_word' id='word_1_35' title='bbox 2990 1058 3132 1122; x_wconf 87' lang='lat' dir='ltr'><strong>inco</strong></span> <span class='ocrx_word' id='word_1_36' title='bbox 3158 1080 3338 1122; x_wconf 72' lang='lat' dir='ltr'><strong>umoe</strong></span> 
     </span>
     <span class='ocr_line' id='line_1_5' title="bbox 931 1143 3337 1235; baseline 0 -25"><span class='ocrx_word' id='word_1_37' title='bbox 931 1144 1386 1224; x_wconf 78' lang='lat' dir='ltr'><strong>dimitterentur,</strong></span> <span class='ocrx_word' id='word_1_38' title='bbox 1433 1145 1742 1212; x_wconf 86' lang='lat' dir='ltr'><strong>castellum</strong></span> <span class='ocrx_word' id='word_1_39' title='bbox 1789 1145 2019 1211; x_wconf 89' lang='lat' dir='ltr'><strong>dedunt</strong></span> <span class='ocrx_word' id='word_1_40' title='bbox 2044 1169 2247 1212; x_wconf 89' lang='lat' dir='ltr'><strong>mense</strong></span> <span class='ocrx_word' id='word_1_41' title='bbox 2276 1145 2653 1235; x_wconf 67' lang='lat' dir='ltr'><strong>Septembri*</strong></span> <span class='ocrx_word' id='word_1_42' title='bbox 2706 1145 2933 1210; x_wconf 89' lang='lat' dir='ltr'><strong>decimo</strong></span> <span class='ocrx_word' id='word_1_43' title='bbox 2980 1145 3203 1230; x_wconf 86' lang='lat' dir='ltr'><strong>quinto</strong></span> <span class='ocrx_word' id='word_1_44' title='bbox 3236 1143 3337 1210; x_wconf 82' lang='lat' dir='ltr'><strong>dic</strong></span> 
     </span>
     <span class='ocr_line' id='line_1_6' title="bbox 930 1231 3335 1320; baseline 0 -24"><span class='ocrx_word' id='word_1_45' title='bbox 930 1231 1276 1298; x_wconf 83' lang='lat' dir='ltr'><strong>obsidionis.</strong></span> <span class='ocrx_word' id='word_1_46' title='bbox 1361 1231 1688 1319; x_wconf 87' lang='lat' dir='ltr'><strong>Postquam</strong></span> <span class='ocrx_word' id='word_1_47' title='bbox 1715 1233 1867 1320; x_wconf 89' lang='lat' dir='ltr'><strong>regii</strong></span> <span class='ocrx_word' id='word_1_48' title='bbox 1894 1241 2038 1299; x_wconf 89' lang='lat' dir='ltr'><strong>sunt</strong></span> <span class='ocrx_word' id='word_1_49' title='bbox 2063 1234 2371 1300; x_wconf 82' lang='lat' dir='ltr'><strong>castellum</strong></span> <span class='ocrx_word' id='word_1_50' title='bbox 2398 1233 2667 1318; x_wconf 86' lang='lat' dir='ltr'><strong>ingressi,</strong></span> <span class='ocrx_word' id='word_1_51' title='bbox 2688 1231 3021 1318; x_wconf 70' lang='lat' dir='ltr'><strong>Richardus</strong></span> <span class='ocrx_word' id='word_1_52' title='bbox 3046 1231 3335 1296; x_wconf 85' lang='lat' dir='ltr'><strong>nondum</strong></span> 
     </span>
     <span class='ocr_line' id='line_1_7' title="bbox 931 1317 3335 1406; baseline 0 -22"><span class='ocrx_word' id='word_1_53' title='bbox 931 1318 1218 1384; x_wconf 79' lang='lat' dir='ltr'><strong>exanimis</strong></span> <span class='ocrx_word' id='word_1_54' title='bbox 1247 1341 1386 1386; x_wconf 86' lang='lat' dir='ltr'><strong>curn</strong></span> <span class='ocrx_word' id='word_1_55' title='bbox 1415 1319 1740 1404; x_wconf 85' lang='lat' dir='ltr'><strong>Anglicum</strong></span> <span class='ocrx_word' id='word_1_56' title='bbox 1781 1341 1995 1386; x_wconf 86' lang='lat' dir='ltr'><strong>sonum</strong></span> <span class='ocrx_word' id='word_1_57' title='bbox 2037 1321 2339 1397; x_wconf 72' lang='lat' dir='ltr'><strong>audiisset,</strong></span> <span class='ocrx_word' id='word_1_58' title='bbox 2373 1321 2739 1406; x_wconf 79' lang='lat' dir='ltr'><strong>linquentem</strong></span> <span class='ocrx_word' id='word_1_59' title='bbox 2770 1317 3037 1384; x_wconf 87' lang='lat' dir='ltr'><strong>animum</strong></span> <span class='ocrx_word' id='word_1_60' title='bbox 3062 1326 3335 1398; x_wconf 81' lang='lat' dir='ltr'><strong>revocat,</strong></span> 
     </span>
     <span class='ocr_line' id='line_1_8' title="bbox 929 1404 3331 1494; baseline 0.001 -24"><span class='ocrx_word' id='word_1_61' title='bbox 929 1412 992 1470; x_wconf 86' lang='lat' dir='ltr'><strong>et</strong></span> <span class='ocrx_word' id='word_1_62' title='bbox 1019 1404 1339 1491; x_wconf 87' lang='lat' dir='ltr'><strong>sulphureo</strong></span> <span class='ocrx_word' id='word_1_63' title='bbox 1367 1406 1616 1492; x_wconf 78' lang='lat' dir='ltr'><strong>pulveri,</strong></span> <span class='ocrx_word' id='word_1_64' title='bbox 1647 1407 1820 1494; x_wconf 82' lang='lat' dir='ltr'><strong>cujus</strong></span> <span class='ocrx_word' id='word_1_65' title='bbox 1864 1429 1987 1473; x_wconf 85' lang='lat' dir='ltr'><strong>non</strong></span> <span class='ocrx_word' id='word_1_66' title='bbox 2038 1408 2255 1494; x_wconf 81' lang='lat' dir='ltr'><strong>exigua</strong></span> <span class='ocrx_word' id='word_1_67' title='bbox 2302 1407 2551 1473; x_wconf 73' lang='lat' dir='ltr'><strong>facultas</strong></span> <span class='ocrx_word' id='word_1_68' title='bbox 2578 1412 2704 1472; x_wconf 84' lang='lat' dir='ltr'><strong>erat</strong></span> <span class='ocrx_word' id='word_1_69' title='bbox 2730 1406 2796 1471; x_wconf 90' lang='lat' dir='ltr'><strong>in</strong></span> <span class='ocrx_word' id='word_1_70' title='bbox 2824 1404 3089 1485; x_wconf 83' lang='lat' dir='ltr'><strong>castello,</strong></span> <span class='ocrx_word' id='word_1_71' title='bbox 3120 1406 3331 1492; x_wconf 85' lang='lat' dir='ltr'><strong>ignem</strong></span> 
     </span>
     <span class='ocr_line' id='line_1_9' title="bbox 929 1492 3331 1580; baseline 0 -23"><span class='ocrx_word' id='word_1_72' title='bbox 929 1492 1125 1579; x_wconf 86' lang='lat' dir='ltr'><strong>pergit</strong></span> <span class='ocrx_word' id='word_1_73' title='bbox 1152 1493 1462 1580; x_wconf 82' lang='lat' dir='ltr'><strong>applicare,</strong></span> <span class='ocrx_word' id='word_1_74' title='bbox 1510 1494 1712 1560; x_wconf 86' lang='lat' dir='ltr'><strong>hostes</strong></span> <span class='ocrx_word' id='word_1_75' title='bbox 1739 1493 1947 1580; x_wconf 87' lang='lat' dir='ltr'><strong>procul</strong></span> <span class='ocrx_word' id='word_1_76' title='bbox 1978 1493 2160 1561; x_wconf 89' lang='lat' dir='ltr'><strong>dubio</strong></span> <span class='ocrx_word' id='word_1_77' title='bbox 2210 1494 2651 1572; x_wconf 81' lang='lat' dir='ltr'><strong>combusturus,</strong></span> <span class='ocrx_word' id='word_1_78' title='bbox 2680 1492 2819 1572; x_wconf 88' lang='lat' dir='ltr'><strong>nisi,</strong></span> <span class='ocrx_word' id='word_1_79' title='bbox 2848 1499 3170 1577; x_wconf 82' lang='lat' dir='ltr'><strong>antequam</strong></span> <span class='ocrx_word' id='word_1_80' title='bbox 3196 1515 3331 1558; x_wconf 84' lang='lat' dir='ltr'><strong>rem</strong></span> 
     </span>
     <span class='ocr_line' id='line_1_10' title="bbox 928 1579 3333 1666; baseline 0 -20"><span class='ocrx_word' id='word_1_81' title='bbox 928 1579 1252 1666; x_wconf 81' lang='lat' dir='ltr'><strong>perficeret,</strong></span> <span class='ocrx_word' id='word_1_82' title='bbox 1300 1581 1532 1666; x_wconf 87' lang='lat' dir='ltr'><strong>spiritui</strong></span> <span class='ocrx_word' id='word_1_83' title='bbox 1591 1579 2030 1648; x_wconf 78' lang='lat' dir='ltr'><strong>destitueretur.</strong></span> <span class='ocrx_word' id='word_1_84' title='bbox 2119 1581 2372 1648; x_wconf 87' lang='lat' dir='ltr'><strong>Pactum</strong></span> <span class='ocrx_word' id='word_1_85' title='bbox 2421 1589 2483 1646; x_wconf 92' lang='lat' dir='ltr'><strong>et</strong></span> <span class='ocrx_word' id='word_1_86' title='bbox 2531 1579 2697 1658; x_wconf 89' lang='lat' dir='ltr'><strong>fides,</strong></span> <span class='ocrx_word' id='word_1_87' title='bbox 2728 1579 2987 1664; x_wconf 62' lang='lat' dir='ltr'><strong>Angliea</strong></span> <span class='ocrx_word' id='word_1_88' title='bbox 3034 1579 3333 1665; x_wconf 79' lang='lat' dir='ltr'><strong>religione</strong></span> 
     </span>
     <span class='ocr_line' id='line_1_11' title="bbox 930 1665 3331 1754; baseline -0.002 -20"><span class='ocrx_word' id='word_1_89' title='bbox 930 1665 1215 1734; x_wconf 77' lang='lat' dir='ltr'><strong>dedititiis</strong></span> <span class='ocrx_word' id='word_1_90' title='bbox 1245 1675 1548 1734; x_wconf 82' lang='lat' dir='ltr'><strong>servatur:</strong></span> <span class='ocrx_word' id='word_1_91' title='bbox 1595 1691 1734 1732; x_wconf 85' lang='lat' dir='ltr'><strong>nam</strong></span> <span class='ocrx_word' id='word_1_92' title='bbox 1775 1669 1908 1746; x_wconf 76' lang='lat' dir='ltr'><strong>viri,</strong></span> <span class='ocrx_word' id='word_1_93' title='bbox 1939 1675 2001 1733; x_wconf 87' lang='lat' dir='ltr'><strong>et</strong></span> <span class='ocrx_word' id='word_1_94' title='bbox 2050 1669 2285 1735; x_wconf 76' lang='lat' dir='ltr'><strong>feminae</strong></span> <span class='ocrx_word' id='word_1_95' title='bbox 2332 1669 2545 1754; x_wconf 85' lang='lat' dir='ltr'><strong>laqueo</strong></span> <span class='ocrx_word' id='word_1_96' title='bbox 2595 1665 3063 1752; x_wconf 83' lang='lat' dir='ltr'><strong>strangulantur.</strong></span> <span class='ocrx_word' id='word_1_97' title='bbox 3156 1665 3331 1736; x_wconf 79' lang='lat' dir='ltr'><strong>Quot</strong></span> 
     </span>
     <span class='ocr_line' id='line_1_12' title="bbox 929 1753 3327 1930; baseline 0 -25"><span class='ocrx_word' id='word_1_98' title='bbox 929 1755 2307 1930; x_wconf 55' lang='lat' dir='ltr'><strong>ssfiss’ffiffisstwsssswffissssuffi</strong></span> <span class='ocrx_word' id='word_1_99' title='bbox 2334 1753 2968 1928; x_wconf 51' lang='grc' dir='ltr'><strong>Ἑξζᾝὲἱέοωὼ</strong></span> <span class='ocrx_word' id='word_1_100' title='bbox 3013 1777 3043 1818; x_wconf 75' lang='lat'><strong>‘¹</strong></span> <span class='ocrx_word' id='word_1_101' title='bbox 3059 1773 3167 1818; x_wconf 72' lang='lat'><strong>³⁵⁵¹</strong></span> <span class='ocrx_word' id='word_1_102' title='bbox 3181 1755 3327 1819; x_wconf 50' lang='grc' dir='ltr'><strong>Μ’</strong></span> 
     </span>
     <span class='ocr_line' id='line_1_13' title="bbox 1789 1888 2732 1922; baseline 0 0"><span class='ocrx_word' id='word_1_103' title='bbox 1789 1891 1810 1922; x_wconf 70' lang='lat'><em>2</em></span> <span class='ocrx_word' id='word_1_104' title='bbox 2302 1893 2323 1922; x_wconf 72' lang='lat'><em>2</em></span> <span class='ocrx_word' id='word_1_105' title='bbox 2714 1888 2732 1905; x_wconf 90' lang='lat'><strong>·</strong></span> 
     </span>
    </p>

    <p class='ocr_par' dir='ltr' id='par_1_3' title="bbox 925 1925 3327 3058">
     <span class='ocr_line' id='line_1_14' title="bbox 1016 1925 3325 2017; baseline -0 -24"><span class='ocrx_word' id='word_1_106' title='bbox 1016 1927 1260 1994; x_wconf 88' lang='lat' dir='ltr'><strong>Eisdem</strong></span> <span class='ocrx_word' id='word_1_107' title='bbox 1289 1929 1517 2009; x_wconf 88' lang='lat' dir='ltr'><strong>diebus,</strong></span> <span class='ocrx_word' id='word_1_108' title='bbox 1549 1928 1766 2014; x_wconf 87' lang='lat' dir='ltr'><strong>quibus</strong></span> <span class='ocrx_word' id='word_1_109' title='bbox 1795 1951 1901 1994; x_wconf 81' lang='lat' dir='ltr'><strong>arx</strong></span> <span class='ocrx_word' id='word_1_110' title='bbox 1947 1929 2225 1996; x_wconf 88' lang='lat' dir='ltr'><strong>Dumbea</strong></span> <span class='ocrx_word' id='word_1_111' title='bbox 2274 1937 2675 2017; x_wconf 79' lang='lat' dir='ltr'><strong>oppugnatur,</strong></span> <span class='ocrx_word' id='word_1_112' title='bbox 2704 1927 3017 2012; x_wconf 87' lang='lat' dir='ltr'><strong>Eugenius</strong></span> <span class='ocrx_word' id='word_1_113' title='bbox 3044 1925 3325 1994; x_wconf 71' lang='lat' dir='ltr'><strong>O’sulle.</strong></span> 
     </span>
     <span class='ocr_line' id='line_1_15' title="bbox 927 2011 3324 2093; baseline 0 -14"><span class='ocrx_word' id='word_1_114' title='bbox 927 2037 1137 2093; x_wconf 81' lang='lat' dir='ltr'><strong>vanus,</strong></span> <span class='ocrx_word' id='word_1_115' title='bbox 1168 2021 1232 2080; x_wconf 91' lang='lat' dir='ltr'><strong>et</strong></span> <span class='ocrx_word' id='word_1_116' title='bbox 1259 2015 1300 2080; x_wconf 89' lang='lat' dir='ltr'><strong>J</strong></span> <span class='ocrx_word' id='word_1_117' title='bbox 1303 2016 1523 2082; x_wconf 87' lang='lat' dir='ltr'><strong>ohanes</strong></span> <span class='ocrx_word' id='word_1_118' title='bbox 1551 2015 1856 2080; x_wconf 87' lang='lat' dir='ltr'><strong>Bostokus</strong></span> <span class='ocrx_word' id='word_1_119' title='bbox 1884 2017 1943 2080; x_wconf 80' lang='lat' dir='ltr'>A</span> <span class='ocrx_word' id='word_1_120' title='bbox 2028 2017 2122 2081; x_wconf 91' lang='lat' dir='ltr'><strong>lus</strong></span> <span class='ocrx_word' id='word_1_121' title='bbox 2150 2018 2215 2082; x_wconf 91' lang='lat' dir='ltr'><strong>in</strong></span> <span class='ocrx_word' id='word_1_122' title='bbox 2244 2016 2427 2082; x_wconf 87' lang='lat' dir='ltr'><strong>Beam</strong></span> <span class='ocrx_word' id='word_1_123' title='bbox 2478 2015 2778 2087; x_wconf 63' lang='lat' dir='ltr'><strong>insulani*</strong></span> <span class='ocrx_word' id='word_1_124' title='bbox 2806 2011 3061 2080; x_wconf 81' lang='lat' dir='ltr'><strong>navibus</strong></span> <span class='ocrx_word' id='word_1_125' title='bbox 3090 2015 3324 2080; x_wconf 80' lang='lat' dir='ltr'><strong>vehun-</strong></span> 
     </span>
     <span class='ocr_line' id='line_1_16' title="bbox 928 2101 3323 2254; baseline 0 -88"><span class='ocrx_word' id='word_1_126' title='bbox 928 2107 1048 2180; x_wconf 86' lang='lat' dir='ltr'><strong>tur,</strong></span> <span class='ocrx_word' id='word_1_127' title='bbox 1077 2101 1142 2166; x_wconf 92' lang='lat' dir='ltr'><strong>in</strong></span> <span class='ocrx_word' id='word_1_128' title='bbox 1171 2122 1290 2187; x_wconf 87' lang='lat' dir='ltr'><strong>qua</strong></span> <span class='ocrx_word' id='word_1_129' title='bbox 1318 2112 1444 2168; x_wconf 81' lang='lat' dir='ltr'><strong>erat</strong></span> <span class='ocrx_word' id='word_1_130' title='bbox 1471 2103 1895 2168; x_wconf 86' lang='lat' dir='ltr'><strong>monasterium</strong></span> <span class='ocrx_word' id='word_1_131' title='bbox 1923 2105 1960 2168; x_wconf 72' lang='lat'>6</span> <span class='ocrx_word' id='word_1_132' title='bbox 2042 2109 2408 2168; x_wconf 80' lang='lat' dir='ltr'><strong>onaventura</strong></span> <span class='ocrx_word' id='word_1_133' title='bbox 2434 2103 2737 2254; x_wconf 58' lang='lat' dir='ltr'><strong>Episcffo</strong></span> <span class='ocrx_word' id='word_1_134' title='bbox 2780 2101 3057 2186; x_wconf 83' lang='lat' dir='ltr'><strong>Hispano</strong></span> <span class='ocrx_word' id='word_1_135' title='bbox 3084 2107 3323 2166; x_wconf 74' lang='lat' dir='ltr'><strong>extruc-</strong></span> 
     </span>
     <span class='ocr_line' id='line_1_17' title="bbox 927 2187 3327 2275; baseline 0.001 -23"><span class='ocrx_word' id='word_1_136' title='bbox 927 2195 1080 2267; x_wconf 82' lang='lat' dir='ltr'><strong>tum,</strong></span> <span class='ocrx_word' id='word_1_137' title='bbox 1139 2187 1240 2253; x_wconf 88' lang='lat' dir='ltr'><strong>sed</strong></span> <span class='ocrx_word' id='word_1_138' title='bbox 1300 2188 1338 2252; x_wconf 73' lang='grc' dir='ltr'><strong>ὲ,</strong></span> <span class='ocrx_word' id='word_1_139' title='bbox 1393 2189 1601 2274; x_wconf 84' lang='lat' dir='ltr'><strong>piratis</strong></span> <span class='ocrx_word' id='word_1_140' title='bbox 1659 2188 1944 2268; x_wconf 84' lang='lat' dir='ltr'><strong>dirutum,</strong></span> <span class='ocrx_word' id='word_1_141' title='bbox 1995 2189 2285 2275; x_wconf 90' lang='lat' dir='ltr'><strong>templum</strong></span> <span class='ocrx_word' id='word_1_142' title='bbox 2342 2199 2549 2256; x_wconf 83' lang='lat' dir='ltr'><strong>sancto</strong></span> <span class='ocrx_word' id='word_1_143' title='bbox 2680 2187 2893 2254; x_wconf 86' lang='lat' dir='ltr'><strong>ichaeli</strong></span> <span class='ocrx_word' id='word_1_144' title='bbox 2940 2188 3327 2274; x_wconf 80' lang='lat' dir='ltr'><strong>Archangelo</strong></span> 
     </span>
     <span class='ocr_line' id='line_1_18' title="bbox 929 2272 3327 2363; baseline 0.001 -25"><span class='ocrx_word' id='word_1_145' title='bbox 929 2272 1210 2352; x_wconf 85' lang='lat' dir='ltr'><strong>dicatum,</strong></span> <span class='ocrx_word' id='word_1_146' title='bbox 1271 2282 1332 2339; x_wconf 89' lang='lat' dir='ltr'><strong>et</strong></span> <span class='ocrx_word' id='word_1_147' title='bbox 1387 2273 1694 2340; x_wconf 78' lang='lat' dir='ltr'><strong>castellum</strong></span> <span class='ocrx_word' id='word_1_148' title='bbox 1739 2276 1778 2340; x_wconf 66' lang='lat' dir='ltr'><strong>a</strong></span> <span class='ocrx_word' id='word_1_149' title='bbox 1817 2283 1985 2361; x_wconf 86' lang='lat' dir='ltr'><strong>patre</strong></span> <span class='ocrx_word' id='word_1_150' title='bbox 2032 2299 2167 2341; x_wconf 89' lang='lat' dir='ltr'><strong>meo</strong></span> <span class='ocrx_word' id='word_1_151' title='bbox 2211 2276 2525 2363; x_wconf 84' lang='lat' dir='ltr'><strong>Dermysio</strong></span> <span class='ocrx_word' id='word_1_152' title='bbox 2576 2274 2904 2354; x_wconf 85' lang='lat' dir='ltr'><strong>conditum,</strong></span> <span class='ocrx_word' id='word_1_153' title='bbox 2935 2273 3099 2362; x_wconf 86' lang='lat' dir='ltr'><strong>quod</strong></span> <span class='ocrx_word' id='word_1_154' title='bbox 3144 2277 3327 2360; x_wconf 83' lang='lat' dir='ltr'><strong>pauci</strong></span> 
     </span>
     <span class='ocr_line' id='line_1_19' title="bbox 927 2359 3327 2449; baseline 0 -23"><span class='ocrx_word' id='word_1_155' title='bbox 927 2359 1148 2426; x_wconf 79' lang='lat' dir='ltr'><strong>milites</strong></span> <span class='ocrx_word' id='word_1_156' title='bbox 1175 2360 1433 2427; x_wconf 88' lang='lat' dir='ltr'><strong>Cornelii</strong></span> <span class='ocrx_word' id='word_1_157' title='bbox 1484 2360 1851 2427; x_wconf 86' lang='lat' dir='ltr'><strong>O&#39;Driscolis</strong></span> <span class='ocrx_word' id='word_1_158' title='bbox 1900 2363 2174 2449; x_wconf 74' lang='lat' dir='ltr'><strong>praesidio</strong></span> <span class='ocrx_word' id='word_1_159' title='bbox 2204 2361 2507 2428; x_wconf 88' lang='lat' dir='ltr'><strong>tenebant.</strong></span> <span class='ocrx_word' id='word_1_160' title='bbox 2598 2361 2811 2428; x_wconf 85' lang='lat' dir='ltr'><strong>Subito</strong></span> <span class='ocrx_word' id='word_1_161' title='bbox 2840 2361 3031 2426; x_wconf 86' lang='lat' dir='ltr'><strong>hostis</strong></span> <span class='ocrx_word' id='word_1_162' title='bbox 3060 2361 3327 2427; x_wconf 80' lang='lat' dir='ltr'><strong>adventu</strong></span> 
     </span>
     <span class='ocr_line' id='line_1_20' title="bbox 925 2447 3323 2537; baseline 0 -25"><span class='ocrx_word' id='word_1_163' title='bbox 925 2447 1194 2514; x_wconf 84' lang='lat' dir='ltr'><strong>insularii</strong></span> <span class='ocrx_word' id='word_1_164' title='bbox 1221 2448 1422 2535; x_wconf 79' lang='lat' dir='ltr'><strong>pavidi</strong></span> <span class='ocrx_word' id='word_1_165' title='bbox 1451 2448 1526 2514; x_wconf 84' lang='lat' dir='ltr'><strong>ad</strong></span> <span class='ocrx_word' id='word_1_166' title='bbox 1568 2471 1716 2529; x_wconf 86' lang='lat' dir='ltr'><strong>aras,</strong></span> <span class='ocrx_word' id='word_1_167' title='bbox 1763 2471 1899 2534; x_wconf 85' lang='lat' dir='ltr'><strong>pars</strong></span> <span class='ocrx_word' id='word_1_168' title='bbox 1950 2450 2198 2537; x_wconf 75' lang='lat' dir='ltr'><strong>supplex</strong></span> <span class='ocrx_word' id='word_1_169' title='bbox 2226 2450 2603 2536; x_wconf 79' lang='lat' dir='ltr'><strong>confugiunt,</strong></span> <span class='ocrx_word' id='word_1_170' title='bbox 2635 2471 2769 2536; x_wconf 81' lang='lat' dir='ltr'><strong>pars</strong></span> <span class='ocrx_word' id='word_1_171' title='bbox 2797 2447 3053 2514; x_wconf 84' lang='lat' dir='ltr'><strong>latebras</strong></span> <span class='ocrx_word' id='word_1_172' title='bbox 3082 2457 3323 2535; x_wconf 82' lang='lat' dir='ltr'><strong>petunt,</strong></span> 
     </span>
     <span class='ocr_line' id='line_1_21' title="bbox 925 2533 3323 2623; baseline 0.001 -25"><span class='ocrx_word' id='word_1_173' title='bbox 925 2557 1063 2620; x_wconf 74' lang='lat' dir='ltr'><strong>pais</strong></span> <span class='ocrx_word' id='word_1_174' title='bbox 1089 2533 1157 2599; x_wconf 89' lang='lat' dir='ltr'><strong>in</strong></span> <span class='ocrx_word' id='word_1_175' title='bbox 1184 2533 1492 2601; x_wconf 86' lang='lat' dir='ltr'><strong>castellum</strong></span> <span class='ocrx_word' id='word_1_176' title='bbox 1521 2557 1585 2600; x_wconf 89' lang='lat' dir='ltr'><strong>se</strong></span> <span class='ocrx_word' id='word_1_177' title='bbox 1632 2537 1949 2622; x_wconf 86' lang='lat' dir='ltr'><strong>recipiunt,</strong></span> <span class='ocrx_word' id='word_1_178' title='bbox 2000 2536 2163 2622; x_wconf 74' lang='lat' dir='ltr'><strong>quod</strong></span> <span class='ocrx_word' id='word_1_179' title='bbox 2210 2537 2419 2603; x_wconf 88' lang='lat' dir='ltr'><strong>armati</strong></span> <span class='ocrx_word' id='word_1_180' title='bbox 2445 2535 2640 2623; x_wconf 85' lang='lat' dir='ltr'><strong>pauci,</strong></span> <span class='ocrx_word' id='word_1_181' title='bbox 2669 2536 3001 2615; x_wconf 85' lang='lat' dir='ltr'><strong>tormentis,</strong></span> <span class='ocrx_word' id='word_1_182' title='bbox 3032 2543 3095 2600; x_wconf 87' lang='lat' dir='ltr'><strong>et</strong></span> <span class='ocrx_word' id='word_1_183' title='bbox 3122 2537 3323 2601; x_wconf 83' lang='lat' dir='ltr'><strong>muni-</strong></span> 
     </span>
     <span class='ocr_line' id='line_1_22' title="bbox 925 2620 3325 2711; baseline 0.002 -27"><span class='ocrx_word' id='word_1_184' title='bbox 925 2620 1194 2688; x_wconf 81' lang='lat' dir='ltr'><strong>tionibus</strong></span> <span class='ocrx_word' id='word_1_185' title='bbox 1221 2621 1472 2702; x_wconf 87' lang='lat' dir='ltr'><strong>nudum,</strong></span> <span class='ocrx_word' id='word_1_186' title='bbox 1503 2623 1662 2688; x_wconf 87' lang='lat' dir='ltr'><strong>hosti</strong></span> <span class='ocrx_word' id='word_1_187' title='bbox 1689 2623 2159 2690; x_wconf 78' lang='lat' dir='ltr'><strong>incolumitatem</strong></span> <span class='ocrx_word' id='word_1_188' title='bbox 2206 2623 2509 2711; x_wconf 84' lang='lat' dir='ltr'><strong>pollicenti</strong></span> <span class='ocrx_word' id='word_1_189' title='bbox 2536 2623 2924 2690; x_wconf 85' lang='lat' dir='ltr'><strong>tradiderunt.</strong></span> <span class='ocrx_word' id='word_1_190' title='bbox 2992 2621 3185 2709; x_wconf 85' lang='lat' dir='ltr'><strong>Angli</strong></span> <span class='ocrx_word' id='word_1_191' title='bbox 3214 2645 3325 2688; x_wconf 84' lang='lat' dir='ltr'><strong>suo</strong></span> 
     </span>
     <span class='ocr_line' id='line_1_23' title="bbox 928 2709 3327 2795; baseline 0.001 -23"><span class='ocrx_word' id='word_1_192' title='bbox 928 2731 1090 2774; x_wconf 86' lang='lat' dir='ltr'><strong>more</strong></span> <span class='ocrx_word' id='word_1_193' title='bbox 1139 2709 1370 2776; x_wconf 86' lang='lat' dir='ltr'><strong>facinus</strong></span> <span class='ocrx_word' id='word_1_194' title='bbox 1418 2710 1803 2775; x_wconf 82' lang='lat' dir='ltr'><strong>committunt</strong></span> <span class='ocrx_word' id='word_1_195' title='bbox 1852 2709 2045 2776; x_wconf 75' lang='lat' dir='ltr'><strong>multo</strong></span> <span class='ocrx_word' id='word_1_196' title='bbox 2094 2735 2153 2775; x_wconf 91' lang='lat' dir='ltr'><strong>m</strong></span> <span class='ocrx_word' id='word_1_197' title='bbox 2238 2713 2285 2775; x_wconf 84' lang='lat' dir='ltr'><strong>&#39;s</strong></span> <span class='ocrx_word' id='word_1_198' title='bbox 2334 2711 2411 2777; x_wconf 84' lang='lat' dir='ltr'><strong>ad</strong></span> <span class='ocrx_word' id='word_1_199' title='bbox 2460 2710 2844 2789; x_wconf 85' lang='lat' dir='ltr'><strong>crudelitatis,</strong></span> <span class='ocrx_word' id='word_1_200' title='bbox 2890 2731 3073 2794; x_wconf 85' lang='lat' dir='ltr'><strong>quam</strong></span> <span class='ocrx_word' id='word_1_201' title='bbox 3117 2709 3327 2795; x_wconf 79' lang='lat' dir='ltr'><strong>gloriae</strong></span> 
     </span>
     <span class='ocr_line' id='line_1_24' title="bbox 929 2796 3323 2884; baseline -0.001 -22"><span class='ocrx_word' id='word_1_202' title='bbox 929 2796 1148 2862; x_wconf 80' lang='lat' dir='ltr'><strong>famam</strong></span> <span class='ocrx_word' id='word_1_203' title='bbox 1175 2797 1429 2883; x_wconf 83' lang='lat' dir='ltr'><strong>insigne.</strong></span> <span class='ocrx_word' id='word_1_204' title='bbox 1515 2797 1772 2863; x_wconf 85' lang='lat' dir='ltr'><strong>Castello</strong></span> <span class='ocrx_word' id='word_1_205' title='bbox 1805 2797 2023 2877; x_wconf 86' lang='lat' dir='ltr'><strong>diruto,</strong></span> <span class='ocrx_word' id='word_1_206' title='bbox 2052 2804 2217 2884; x_wconf 89' lang='lat' dir='ltr'><strong>temp</strong></span> <span class='ocrx_word' id='word_1_207' title='bbox 2240 2821 2277 2862; x_wconf 92' lang='grc' dir='ltr'>ο</span> <span class='ocrx_word' id='word_1_208' title='bbox 2307 2806 2368 2864; x_wconf 90' lang='lat' dir='ltr'><strong>et</strong></span> <span class='ocrx_word' id='word_1_209' title='bbox 2394 2797 2568 2863; x_wconf 87' lang='lat' dir='ltr'><strong>tectis</strong></span> <span class='ocrx_word' id='word_1_210' title='bbox 2593 2797 2871 2875; x_wconf 85' lang='lat' dir='ltr'><strong>incensis,</strong></span> <span class='ocrx_word' id='word_1_211' title='bbox 2900 2803 3026 2861; x_wconf 85' lang='lat' dir='ltr'><strong>tam</strong></span> <span class='ocrx_word' id='word_1_212' title='bbox 3054 2796 3323 2881; x_wconf 48' lang='lat' dir='ltr'><strong>prasidi-</strong></span> 
     </span>
     <span class='ocr_line' id='line_1_25' title="bbox 927 2882 3321 2970; baseline -0 -21"><span class='ocrx_word' id='word_1_213' title='bbox 927 2882 1082 2949; x_wconf 89' lang='lat' dir='ltr'><strong>arios</strong></span> <span class='ocrx_word' id='word_1_214' title='bbox 1107 2885 1284 2950; x_wconf 79' lang='lat' dir='ltr'><strong>armis</strong></span> <span class='ocrx_word' id='word_1_215' title='bbox 1311 2891 1542 2964; x_wconf 87' lang='lat' dir='ltr'><strong>exutos,</strong></span> <span class='ocrx_word' id='word_1_216' title='bbox 1573 2906 1753 2970; x_wconf 83' lang='lat' dir='ltr'><strong>quam</strong></span> <span class='ocrx_word' id='word_1_217' title='bbox 1803 2893 2063 2964; x_wconf 87' lang='lat' dir='ltr'><strong>caeteros,</strong></span> <span class='ocrx_word' id='word_1_218' title='bbox 2111 2907 2298 2964; x_wconf 88' lang='lat' dir='ltr'><strong>senes,</strong></span> <span class='ocrx_word' id='word_1_219' title='bbox 2342 2886 2618 2964; x_wconf 83' lang='lat' dir='ltr'><strong>infantes,</strong></span> <span class='ocrx_word' id='word_1_220' title='bbox 2648 2891 2711 2949; x_wconf 90' lang='lat' dir='ltr'><strong>et</strong></span> <span class='ocrx_word' id='word_1_221' title='bbox 2738 2883 3006 2948; x_wconf 80' lang='lat' dir='ltr'><strong>faeminas</strong></span> <span class='ocrx_word' id='word_1_222' title='bbox 3032 2883 3101 2947; x_wconf 84' lang='lat' dir='ltr'><strong>in</strong></span> <span class='ocrx_word' id='word_1_223' title='bbox 3129 2905 3321 2948; x_wconf 86' lang='lat' dir='ltr'><strong>unum</strong></span> 
     </span>
     <span class='ocr_line' id='line_1_26' title="bbox 929 2969 3323 3058; baseline -0.001 -22"><span class='ocrx_word' id='word_1_224' title='bbox 929 2979 1165 3036; x_wconf 85' lang='lat' dir='ltr'><strong>coactos</strong></span> <span class='ocrx_word' id='word_1_225' title='bbox 1195 2969 1512 3058; x_wconf 74' lang='lat' dir='ltr'><strong>glandibus</strong></span> <span class='ocrx_word' id='word_1_226' title='bbox 1543 2971 1917 3050; x_wconf 74' lang='lat' dir='ltr'><strong>confodiunt,</strong></span> <span class='ocrx_word' id='word_1_227' title='bbox 1968 2971 2301 3057; x_wconf 84' lang='lat' dir='ltr'><strong>gladiorum</strong></span> <span class='ocrx_word' id='word_1_228' title='bbox 2342 2971 2563 3036; x_wconf 89' lang='lat' dir='ltr'><strong>ictibus</strong></span> <span class='ocrx_word' id='word_1_229' title='bbox 2604 2970 2884 3049; x_wconf 87' lang='lat' dir='ltr'><strong>lacerant,</strong></span> <span class='ocrx_word' id='word_1_230' title='bbox 2913 2970 3103 3035; x_wconf 87' lang='lat' dir='ltr'><strong>hastis</strong></span> <span class='ocrx_word' id='word_1_231' title='bbox 3130 2977 3323 3035; x_wconf 83' lang='lat' dir='ltr'><strong>trans-</strong></span> 
     </span>
    </p>
   </div>
   <div class='ocr_carea' id='block_1_3' title="bbox 875 3056 3317 3144">
    <p class='ocr_par' dir='ltr' id='par_1_4' title="bbox 875 3056 3317 3144">
     <span class='ocr_line' id='line_1_27' title="bbox 875 3056 3317 3144; baseline 0 -24"><span class='ocrx_word' id='word_1_232' title='bbox 875 3134 877 3141; x_wconf 29' lang='lat'>·</span> <span class='ocrx_word' id='word_1_233' title='bbox 927 3057 1143 3142; x_wconf 84' lang='lat' dir='ltr'><strong>figunt.</strong></span> <span class='ocrx_word' id='word_1_234' title='bbox 1231 3057 1356 3122; x_wconf 82' lang='lat' dir='ltr'><strong>Alii</strong></span> <span class='ocrx_word' id='word_1_235' title='bbox 1403 3059 1711 3136; x_wconf 78' lang='lat' dir='ltr'><strong>infantem,</strong></span> <span class='ocrx_word' id='word_1_236' title='bbox 1743 3065 1806 3123; x_wconf 89' lang='lat' dir='ltr'><strong>et</strong></span> <span class='ocrx_word' id='word_1_237' title='bbox 1854 3061 2165 3137; x_wconf 89' lang='lat' dir='ltr'><strong>nutricem,</strong></span> <span class='ocrx_word' id='word_1_238' title='bbox 2198 3059 2236 3123; x_wconf 73' lang='grc' dir='ltr'><strong>ὲ,</strong></span> <span class='ocrx_word' id='word_1_239' title='bbox 2263 3079 2383 3144; x_wconf 86' lang='lat' dir='ltr'><strong>qua</strong></span> <span class='ocrx_word' id='word_1_240' title='bbox 2412 3059 2547 3122; x_wconf 87' lang='lat' dir='ltr'><strong>sinu</strong></span> <span class='ocrx_word' id='word_1_241' title='bbox 2575 3057 2937 3142; x_wconf 72' lang='lat' dir='ltr'><strong>gestabatur,</strong></span> <span class='ocrx_word' id='word_1_242' title='bbox 2970 3056 3219 3122; x_wconf 78' lang='lat' dir='ltr'><strong>ensibus</strong></span> <span class='ocrx_word' id='word_1_243' title='bbox 3244 3056 3317 3122; x_wconf 89' lang='lat' dir='ltr'><strong>ad</strong></span> 
     </span>
    </p>
   </div>
   <div class='ocr_carea' id='block_1_4' title="bbox 727 3523 907 3652">
    <p class='ocr_par' dir='ltr' id='par_1_5' title="bbox 727 3523 907 3652">
     <span class='ocr_line' id='line_1_28' title="bbox 727 3523 907 3652; baseline 0.017 -18"><span class='ocrx_word' id='word_1_244' title='bbox 727 3523 907 3652; x_wconf 57' lang='grc' dir='ltr'><strong>[ιω</strong></span> 
     </span>
    </p>
   </div>
   <div class='ocr_carea' id='block_1_5' title="bbox 925 3143 3322 4014">
    <p class='ocr_par' dir='ltr' id='par_1_6' title="bbox 928 3143 3322 3578">
     <span class='ocr_line' id='line_1_29' title="bbox 929 3143 3317 3231; baseline 0.001 -25"><span class='ocrx_word' id='word_1_245' title='bbox 929 3143 1208 3226; x_wconf 87' lang='lat' dir='ltr'><strong>capulum</strong></span> <span class='ocrx_word' id='word_1_246' title='bbox 1255 3143 1453 3208; x_wconf 86' lang='lat' dir='ltr'><strong>infixis</strong></span> <span class='ocrx_word' id='word_1_247' title='bbox 1503 3144 1825 3229; x_wconf 88' lang='lat' dir='ltr'><strong>trajiciunt,</strong></span> <span class='ocrx_word' id='word_1_248' title='bbox 1876 3145 1976 3210; x_wconf 85' lang='lat' dir='ltr'><strong>alii</strong></span> <span class='ocrx_word' id='word_1_249' title='bbox 2026 3145 2307 3231; x_wconf 89' lang='lat' dir='ltr'><strong>puerulos</strong></span> <span class='ocrx_word' id='word_1_250' title='bbox 2352 3144 2537 3210; x_wconf 88' lang='lat' dir='ltr'><strong>hastis</strong></span> <span class='ocrx_word' id='word_1_251' title='bbox 2580 3145 2935 3209; x_wconf 84' lang='lat' dir='ltr'><strong>transfossos</strong></span> <span class='ocrx_word' id='word_1_252' title='bbox 2977 3151 3317 3221; x_wconf 77' lang='lat' dir='ltr'><strong>trementes,</strong></span> 
     </span>
     <span class='ocr_line' id='line_1_30' title="bbox 929 3228 3191 3317; baseline 0.002 -25"><span class='ocrx_word' id='word_1_253' title='bbox 929 3234 1107 3313; x_wconf 84' lang='lat' dir='ltr'><strong>atque</strong></span> <span class='ocrx_word' id='word_1_254' title='bbox 1135 3228 1492 3315; x_wconf 77' lang='lat' dir='ltr'><strong>palpitantes</strong></span> <span class='ocrx_word' id='word_1_255' title='bbox 1520 3231 1694 3295; x_wconf 86' lang='lat' dir='ltr'><strong>sociis</strong></span> <span class='ocrx_word' id='word_1_256' title='bbox 1739 3236 2063 3298; x_wconf 85' lang='lat' dir='ltr'><strong>ostentant.</strong></span> <span class='ocrx_word' id='word_1_257' title='bbox 2153 3231 2378 3296; x_wconf 85' lang='lat' dir='ltr'><strong>Omnes</strong></span> <span class='ocrx_word' id='word_1_258' title='bbox 2416 3231 2670 3317; x_wconf 90' lang='lat' dir='ltr'><strong>denique</strong></span> <span class='ocrx_word' id='word_1_259' title='bbox 2720 3237 2928 3296; x_wconf 85' lang='lat' dir='ltr'><strong>catena</strong></span> <span class='ocrx_word' id='word_1_260' title='bbox 2955 3231 3191 3296; x_wconf 85' lang='lat' dir='ltr'><strong>vinctos</strong></span> 
     </span>
     <span class='ocr_line' id='line_1_31' title="bbox 928 3253 3322 3404; baseline 0.001 -24"><span class='ocrx_word' id='word_1_261' title='bbox 928 3321 1277 3401; x_wconf 71' lang='lat' dir='ltr'><strong>praeruptos,</strong></span> <span class='ocrx_word' id='word_1_262' title='bbox 1297 3339 1333 3381; x_wconf 90' lang='lat' dir='ltr'><strong>a</strong></span> <span class='ocrx_word' id='word_1_263' title='bbox 1399 3338 1478 3380; x_wconf 90' lang='lat' dir='ltr'><strong>ue</strong></span> <span class='ocrx_word' id='word_1_264' title='bbox 1493 3317 1864 3382; x_wconf 85' lang='lat' dir='ltr'><strong>acutissimos</strong></span> <span class='ocrx_word' id='word_1_265' title='bbox 1892 3341 1993 3382; x_wconf 90' lang='lat' dir='ltr'><strong>sco</strong></span> <span class='ocrx_word' id='word_1_266' title='bbox 2036 3317 2167 3382; x_wconf 90' lang='lat' dir='ltr'><strong>ulos</strong></span> <span class='ocrx_word' id='word_1_267' title='bbox 2194 3319 2259 3383; x_wconf 91' lang='lat' dir='ltr'><strong>in</strong></span> <span class='ocrx_word' id='word_1_268' title='bbox 2289 3341 2449 3383; x_wconf 84' lang='lat' dir='ltr'><strong>mare</strong></span> <span class='ocrx_word' id='word_1_269' title='bbox 2476 3319 2809 3404; x_wconf 68' lang='lat' dir='ltr'><strong>praecipitae</strong></span> <span class='ocrx_word' id='word_1_270' title='bbox 2838 3318 3002 3396; x_wconf 88' lang='lat' dir='ltr'><strong>dant,</strong></span> <span class='ocrx_word' id='word_1_271' title='bbox 3036 3253 3322 3404; x_wconf 48' lang='lat' dir='ltr'><strong>globuli}-</strong></span> 
     </span>
     <span class='ocr_line' id='line_1_32' title="bbox 929 3401 3322 3491; baseline 0 -23"><span class='ocrx_word' id='word_1_272' title='bbox 929 3408 992 3468; x_wconf 88' lang='lat' dir='ltr'><strong>et</strong></span> <span class='ocrx_word' id='word_1_273' title='bbox 1017 3401 1313 3488; x_wconf 83' lang='lat' dir='ltr'><strong>lapidibus</strong></span> <span class='ocrx_word' id='word_1_274' title='bbox 1333 3425 1372 3468; x_wconf 94' lang='lat' dir='ltr'><strong>o</strong></span> <span class='ocrx_word' id='word_1_275' title='bbox 1415 3410 1670 3468; x_wconf 86' lang='lat' dir='ltr'><strong>ruentes.</strong></span> <span class='ocrx_word' id='word_1_276' title='bbox 1696 3403 1795 3468; x_wconf 88' lang='lat' dir='ltr'><strong>Ita</strong></span> <span class='ocrx_word' id='word_1_277' title='bbox 1813 3403 2005 3469; x_wconf 87' lang='lat' dir='ltr'><strong>Catho</strong></span> <span class='ocrx_word' id='word_1_278' title='bbox 2033 3404 2106 3470; x_wconf 84' lang='lat' dir='ltr'><strong>&#39;ci</strong></span> <span class='ocrx_word' id='word_1_279' title='bbox 2133 3405 2364 3471; x_wconf 82' lang='lat' dir='ltr'><strong>circiter</strong></span> <span class='ocrx_word' id='word_1_280' title='bbox 2390 3405 2659 3484; x_wconf 88' lang='lat' dir='ltr'><strong>trecenti,</strong></span> <span class='ocrx_word' id='word_1_281' title='bbox 2690 3425 2947 3490; x_wconf 90' lang='lat' dir='ltr'><strong>quorum</strong></span> <span class='ocrx_word' id='word_1_282' title='bbox 2976 3404 3169 3491; x_wconf 85' lang='lat' dir='ltr'><strong>major</strong></span> <span class='ocrx_word' id='word_1_283' title='bbox 3186 3427 3322 3491; x_wconf 80' lang='lat' dir='ltr'><strong>pars</strong></span> 
     </span>
     <span class='ocr_line' id='line_1_33' title="bbox 929 3488 2427 3578; baseline 0.003 -25"><span class='ocrx_word' id='word_1_284' title='bbox 929 3488 1116 3575; x_wconf 79' lang='lat' dir='ltr'><strong>patris</strong></span> <span class='ocrx_word' id='word_1_285' title='bbox 1145 3489 1262 3555; x_wconf 88' lang='lat' dir='ltr'><strong>mei</strong></span> <span class='ocrx_word' id='word_1_286' title='bbox 1289 3489 1586 3576; x_wconf 80' lang='lat' dir='ltr'><strong>Dermysii</strong></span> <span class='ocrx_word' id='word_1_287' title='bbox 1616 3488 1861 3556; x_wconf 80' lang='lat' dir='ltr'><strong>oboerati</strong></span> <span class='ocrx_word' id='word_1_288' title='bbox 1890 3497 2077 3571; x_wconf 85' lang='lat' dir='ltr'><strong>erant,</strong></span> <span class='ocrx_word' id='word_1_289' title='bbox 2107 3492 2427 3578; x_wconf 89' lang='lat' dir='ltr'><strong>perierunt.</strong></span> 
     </span>
    </p>

    <p class='ocr_par' dir='ltr' id='par_1_7' title="bbox 925 3575 3321 4014">
     <span class='ocr_line' id='line_1_34' title="bbox 1019 3575 3320 3664; baseline 0 -22"><span class='ocrx_word' id='word_1_290' title='bbox 1019 3575 1260 3649; x_wconf 81' lang='lat' dir='ltr'><strong>Quibus</strong></span> <span class='ocrx_word' id='word_1_291' title='bbox 1287 3576 1464 3642; x_wconf 85' lang='lat' dir='ltr'><strong>rebus</strong></span> <span class='ocrx_word' id='word_1_292' title='bbox 1507 3577 1654 3643; x_wconf 87' lang='lat' dir='ltr'><strong>actis</strong></span> <span class='ocrx_word' id='word_1_293' title='bbox 1681 3578 1832 3664; x_wconf 87' lang='lat' dir='ltr'><strong>regii</strong></span> <span class='ocrx_word' id='word_1_294' title='bbox 1859 3576 2111 3644; x_wconf 84' lang='lat' dir='ltr'><strong>navibus</strong></span> <span class='ocrx_word' id='word_1_295' title='bbox 2140 3578 2177 3643; x_wconf 64' lang='lat' dir='ltr'><strong>a</strong></span> <span class='ocrx_word' id='word_1_296' title='bbox 2204 3579 2423 3645; x_wconf 85' lang='lat' dir='ltr'><strong>Bearra</strong></span> <span class='ocrx_word' id='word_1_297' title='bbox 2440 3578 2791 3662; x_wconf 51' lang='lat' dir='ltr'><strong>solventes„</strong></span> <span class='ocrx_word' id='word_1_298' title='bbox 2840 3575 3205 3642; x_wconf 84' lang='lat' dir='ltr'><strong>Corcacham</strong></span> <span class='ocrx_word' id='word_1_299' title='bbox 3232 3600 3320 3642; x_wconf 88' lang='lat' dir='ltr'><strong>re-</strong></span> 
     </span>
     <span class='ocr_line' id='line_1_35' title="bbox 931 3657 3321 3753; baseline 0.001 -25"><span class='ocrx_word' id='word_1_300' title='bbox 931 3657 1138 3744; x_wconf 87' lang='lat' dir='ltr'><strong>deunt,</strong></span> <span class='ocrx_word' id='word_1_301' title='bbox 1188 3663 1574 3730; x_wconf 86' lang='lat' dir='ltr'><strong>Dominicum</strong></span> <span class='ocrx_word' id='word_1_302' title='bbox 1623 3663 1992 3731; x_wconf 86' lang='lat' dir='ltr'><strong>O’Colanum</strong></span> <span class='ocrx_word' id='word_1_303' title='bbox 2058 3665 2277 3731; x_wconf 85' lang='lat' dir='ltr'><strong>laicum</strong></span> <span class='ocrx_word' id='word_1_304' title='bbox 2325 3665 2669 3753; x_wconf 85' lang='lat' dir='ltr'><strong>religiosum</strong></span> <span class='ocrx_word' id='word_1_305' title='bbox 2733 3664 2767 3729; x_wconf 78' lang='grc' dir='ltr'>ὂ</span> <span class='ocrx_word' id='word_1_306' title='bbox 2810 3685 2975 3729; x_wconf 83' lang='lat' dir='ltr'><strong>sacra</strong></span> <span class='ocrx_word' id='word_1_307' title='bbox 3026 3663 3321 3730; x_wconf 71' lang='lat' dir='ltr'><strong>societate</strong></span> 
     </span>
     <span class='ocr_line' id='line_1_36' title="bbox 930 3748 3319 3839; baseline 0 -24"><span class='ocrx_word' id='word_1_308' title='bbox 930 3748 973 3814; x_wconf 85' lang='lat' dir='ltr'><strong>J</strong></span> <span class='ocrx_word' id='word_1_309' title='bbox 973 3772 1096 3829; x_wconf 88' lang='lat' dir='ltr'><strong>esu,</strong></span> <span class='ocrx_word' id='word_1_310' title='bbox 1128 3752 1233 3837; x_wconf 87' lang='lat' dir='ltr'><strong>qui</strong></span> <span class='ocrx_word' id='word_1_311' title='bbox 1262 3751 1337 3817; x_wconf 84' lang='lat' dir='ltr'><strong>ad</strong></span> <span class='ocrx_word' id='word_1_312' title='bbox 1363 3751 1526 3837; x_wconf 84' lang='lat' dir='ltr'><strong>ipsos</strong></span> <span class='ocrx_word' id='word_1_313' title='bbox 1553 3752 1592 3816; x_wconf 66' lang='lat' dir='ltr'><strong>a</strong></span> <span class='ocrx_word' id='word_1_314' title='bbox 1618 3751 1910 3818; x_wconf 79' lang='lat' dir='ltr'><strong>Dumbeoe</strong></span> <span class='ocrx_word' id='word_1_315' title='bbox 1960 3752 2232 3839; x_wconf 78' lang='lat' dir='ltr'><strong>proesidio</strong></span> <span class='ocrx_word' id='word_1_316' title='bbox 2258 3753 2670 3819; x_wconf 86' lang='lat' dir='ltr'><strong>internuncius</strong></span> <span class='ocrx_word' id='word_1_317' title='bbox 2719 3753 2911 3817; x_wconf 83' lang='lat' dir='ltr'><strong>fuerat</strong></span> <span class='ocrx_word' id='word_1_318' title='bbox 2952 3750 3191 3830; x_wconf 88' lang='lat' dir='ltr'><strong>missus,</strong></span> <span class='ocrx_word' id='word_1_319' title='bbox 3222 3752 3319 3817; x_wconf 86' lang='lat' dir='ltr'><strong>de-</strong></span> 
     </span>
     <span class='ocr_line' id='line_1_37' title="bbox 929 3837 3319 3925; baseline 0 -23"><span class='ocrx_word' id='word_1_320' title='bbox 929 3837 1243 3921; x_wconf 85' lang='lat' dir='ltr'><strong>ferentes.‡</strong></span> <span class='ocrx_word' id='word_1_321' title='bbox 1331 3838 1397 3903; x_wconf 90' lang='lat' dir='ltr'><strong>Is</strong></span> <span class='ocrx_word' id='word_1_322' title='bbox 1426 3838 1464 3902; x_wconf 67' lang='lat' dir='ltr'><strong>a</strong></span> <span class='ocrx_word' id='word_1_323' title='bbox 1491 3838 1971 3905; x_wconf 85' lang='lat' dir='ltr'><strong>Protestantibus</strong></span> <span class='ocrx_word' id='word_1_324' title='bbox 2020 3839 2532 3906; x_wconf 87' lang='lat' dir='ltr'><strong>Ministroclericis</strong></span> <span class='ocrx_word' id='word_1_325' title='bbox 2582 3843 3069 3925; x_wconf 86' lang='lat' dir='ltr'><strong>argumentorum</strong></span> <span class='ocrx_word' id='word_1_326' title='bbox 3097 3837 3319 3903; x_wconf 85' lang='lat' dir='ltr'><strong>callidi·</strong></span> 
     </span>
     <span class='ocr_line' id='line_1_38' title="bbox 925 3925 3319 4014; baseline -0 -24"><span class='ocrx_word' id='word_1_327' title='bbox 925 3931 1050 3990; x_wconf 87' lang='lat' dir='ltr'><strong>tate</strong></span> <span class='ocrx_word' id='word_1_328' title='bbox 1077 3925 1294 3990; x_wconf 86' lang='lat' dir='ltr'><strong>frustra</strong></span> <span class='ocrx_word' id='word_1_329' title='bbox 1319 3926 1724 4012; x_wconf 87' lang='lat' dir='ltr'><strong>impugnatus,</strong></span> <span class='ocrx_word' id='word_1_330' title='bbox 1755 3927 2073 4013; x_wconf 85' lang='lat' dir='ltr'><strong>propositis</strong></span> <span class='ocrx_word' id='word_1_331' title='bbox 2122 3927 2353 4014; x_wconf 86' lang='lat' dir='ltr'><strong>magnis</strong></span> <span class='ocrx_word' id='word_1_332' title='bbox 2402 3926 2680 4013; x_wconf 78' lang='lat' dir='ltr'><strong>praemiis,</strong></span> <span class='ocrx_word' id='word_1_333' title='bbox 2708 3925 3035 4012; x_wconf 80' lang='lat' dir='ltr'><strong>praesertim</strong></span> <span class='ocrx_word' id='word_1_334' title='bbox 3086 3925 3319 3990; x_wconf 61' lang='lat' dir='ltr'><strong>ecelesi-</strong></span> 
     </span>
    </p>
   </div>
   <div class='ocr_carea' id='block_1_6' title="bbox 927 4143 3317 4842">
    <p class='ocr_par' dir='ltr' id='par_1_8' title="bbox 931 4143 3317 4432">
     <span class='ocr_line' id='line_1_39' title="bbox 998 4143 3317 4218; baseline -0 -17"><span class='ocrx_word' id='word_1_335' title='bbox 998 4151 1033 4187; x_wconf 61' lang='grc' dir='ltr'><strong>θ</strong></span> <span class='ocrx_word' id='word_1_336' title='bbox 1073 4145 1178 4201; x_wconf 81' lang='lat' dir='ltr'><strong>See</strong></span> <span class='ocrx_word' id='word_1_337' title='bbox 1211 4163 1280 4200; x_wconf 86' lang='lat' dir='ltr'><strong>an</strong></span> <span class='ocrx_word' id='word_1_338' title='bbox 1323 4153 1557 4199; x_wconf 83' lang='lat' dir='ltr'><strong>account</strong></span> <span class='ocrx_word' id='word_1_339' title='bbox 1597 4145 1664 4199; x_wconf 82' lang='lat' dir='ltr'><strong>of</strong></span> <span class='ocrx_word' id='word_1_340' title='bbox 1691 4145 1800 4199; x_wconf 85' lang='lat' dir='ltr'><strong>this</strong></span> <span class='ocrx_word' id='word_1_341' title='bbox 1826 4146 1991 4218; x_wconf 85' lang='lat' dir='ltr'><strong>siege,</strong></span> <span class='ocrx_word' id='word_1_342' title='bbox 2032 4145 2242 4201; x_wconf 80' lang='lat' dir='ltr'><strong>Pacata</strong></span> <span class='ocrx_word' id='word_1_343' title='bbox 2266 4144 2736 4210; x_wconf 46' lang='lat' dir='ltr'><strong>HiberniQBook</strong></span> <span class='ocrx_word' id='word_1_344' title='bbox 2772 4143 2890 4199; x_wconf 92' lang='lat'>111.</span> <span class='ocrx_word' id='word_1_345' title='bbox 2920 4163 2987 4200; x_wconf 82' lang='lat' dir='ltr'><strong>ca</strong></span> <span class='ocrx_word' id='word_1_346' title='bbox 3023 4183 3038 4199; x_wconf 93' lang='lat'><strong>.</strong></span> <span class='ocrx_word' id='word_1_347' title='bbox 3064 4144 3197 4211; x_wconf 81' lang='lat' dir='ltr'><strong>viii..</strong></span> <span class='ocrx_word' id='word_1_348' title='bbox 3229 4163 3317 4200; x_wconf 80' lang='lat' dir='ltr'><strong>ac-</strong></span> 
     </span>
     <span class='ocr_line' id='line_1_40' title="bbox 931 4216 3315 4290; baseline 0 -18"><span class='ocrx_word' id='word_1_349' title='bbox 931 4218 1162 4290; x_wconf 86' lang='lat' dir='ltr'><strong>cording</strong></span> <span class='ocrx_word' id='word_1_350' title='bbox 1185 4227 1244 4272; x_wconf 83' lang='lat' dir='ltr'><strong>to</strong></span> <span class='ocrx_word' id='word_1_351' title='bbox 1264 4217 1438 4271; x_wconf 74' lang='lat' dir='ltr'><strong>which</strong></span> <span class='ocrx_word' id='word_1_352' title='bbox 1464 4216 1509 4269; x_wconf 91' lang='lat' dir='ltr'><strong>it</strong></span> <span class='ocrx_word' id='word_1_353' title='bbox 1527 4217 1876 4270; x_wconf 88' lang='lat' dir='ltr'><strong>commenced</strong></span> <span class='ocrx_word' id='word_1_354' title='bbox 1900 4235 1971 4270; x_wconf 90' lang='lat' dir='ltr'><strong>on</strong></span> <span class='ocrx_word' id='word_1_355' title='bbox 1988 4217 2081 4270; x_wconf 86' lang='lat' dir='ltr'><strong>the</strong></span> <span class='ocrx_word' id='word_1_356' title='bbox 2106 4217 2201 4276; x_wconf 71' lang='lat' dir='ltr'><strong>&#39;zth</strong></span> <span class='ocrx_word' id='word_1_357' title='bbox 2229 4217 2339 4271; x_wconf 85' lang='lat' dir='ltr'><strong>and</strong></span> <span class='ocrx_word' id='word_1_358' title='bbox 2362 4217 2538 4272; x_wconf 86' lang='lat' dir='ltr'><strong>ended</strong></span> <span class='ocrx_word' id='word_1_359' title='bbox 2562 4235 2634 4270; x_wconf 89' lang='lat' dir='ltr'><strong>on</strong></span> <span class='ocrx_word' id='word_1_360' title='bbox 2653 4217 2746 4272; x_wconf 88' lang='lat' dir='ltr'><strong>the</strong></span> <span class='ocrx_word' id='word_1_361' title='bbox 2769 4216 2897 4271; x_wconf 78' lang='lat' dir='ltr'><strong>leth</strong></span> <span class='ocrx_word' id='word_1_362' title='bbox 2914 4217 2980 4271; x_wconf 82' lang='lat' dir='ltr'><strong>of</strong></span> <span class='ocrx_word' id='word_1_363' title='bbox 3029 4235 3154 4271; x_wconf 88' lang='lat' dir='ltr'><strong>une.</strong></span> <span class='ocrx_word' id='word_1_364' title='bbox 3186 4225 3223 4253; x_wconf 73' lang='lat'><strong>‘⁸</strong></span> <span class='ocrx_word' id='word_1_365' title='bbox 3238 4217 3315 4272; x_wconf 85' lang='lat' dir='ltr'><strong>So</strong></span> 
     </span>
     <span class='ocr_line' id='line_1_41' title="bbox 931 4287 3317 4359; baseline 0 -17"><span class='ocrx_word' id='word_1_366' title='bbox 931 4288 1201 4344; x_wconf 80' lang='lat' dir='ltr'><strong>obstinate</strong></span> <span class='ocrx_word' id='word_1_367' title='bbox 1225 4288 1333 4343; x_wconf 86' lang='lat' dir='ltr'><strong>and</strong></span> <span class='ocrx_word' id='word_1_368' title='bbox 1355 4287 1605 4342; x_wconf 85' lang='lat' dir='ltr'><strong>resolved</strong></span> <span class='ocrx_word' id='word_1_369' title='bbox 1627 4306 1662 4341; x_wconf 91' lang='lat' dir='ltr'><strong>a</strong></span> <span class='ocrx_word' id='word_1_370' title='bbox 1686 4287 1909 4341; x_wconf 85' lang='lat' dir='ltr'><strong>defenee</strong></span> <span class='ocrx_word' id='word_1_371' title='bbox 1949 4287 2061 4342; x_wconf 82' lang='lat' dir='ltr'><strong>had</strong></span> <span class='ocrx_word' id='word_1_372' title='bbox 2102 4295 2201 4342; x_wconf 92' lang='lat' dir='ltr'><strong>not</strong></span> <span class='ocrx_word' id='word_1_373' title='bbox 2241 4287 2334 4342; x_wconf 89' lang='lat' dir='ltr'><strong>bin</strong></span> <span class='ocrx_word' id='word_1_374' title='bbox 2376 4305 2533 4342; x_wconf 82' lang='lat' dir='ltr'><strong>scene</strong></span> <span class='ocrx_word' id='word_1_375' title='bbox 2564 4288 2757 4342; x_wconf 81' lang='lat' dir='ltr'><strong>within</strong></span> <span class='ocrx_word' id='word_1_376' title='bbox 2790 4287 2899 4342; x_wconf 86' lang='lat' dir='ltr'><strong>this</strong></span> <span class='ocrx_word' id='word_1_377' title='bbox 2934 4287 3317 4359; x_wconf 77' lang='lat' dir='ltr'><strong>kingdom.&#39;&#39;-</strong></span> 
     </span>
     <span class='ocr_line' id='line_1_42' title="bbox 932 4357 2844 4432; baseline -0.001 -18"><span class='ocrx_word' id='word_1_378' title='bbox 932 4360 1073 4414; x_wconf 69' lang='lat' dir='ltr'><strong>md.</strong></span> <span class='ocrx_word' id='word_1_379' title='bbox 1149 4361 1368 4416; x_wconf 82' lang='lat' dir='ltr'><strong>Archer</strong></span> <span class='ocrx_word' id='word_1_380' title='bbox 1391 4359 1499 4413; x_wconf 81' lang='lat' dir='ltr'><strong>and</strong></span> <span class='ocrx_word' id='word_1_381' title='bbox 1535 4357 1743 4414; x_wconf 86' lang='lat' dir='ltr'><strong>Oollins</strong></span> <span class='ocrx_word' id='word_1_382' title='bbox 1766 4358 1877 4412; x_wconf 80' lang='lat' dir='ltr'><strong>had</strong></span> <span class='ocrx_word' id='word_1_383' title='bbox 1898 4358 1993 4413; x_wconf 86' lang='lat' dir='ltr'><strong>the</strong></span> <span class='ocrx_word' id='word_1_384' title='bbox 2016 4357 2168 4412; x_wconf 75' lang='lat' dir='ltr'><strong>chief</strong></span> <span class='ocrx_word' id='word_1_385' title='bbox 2195 4359 2355 4414; x_wconf 82' lang='lat' dir='ltr'><strong>share</strong></span> <span class='ocrx_word' id='word_1_386' title='bbox 2379 4359 2437 4414; x_wconf 85' lang='lat' dir='ltr'><strong>in</strong></span> <span class='ocrx_word' id='word_1_387' title='bbox 2454 4359 2759 4432; x_wconf 82' lang='lat' dir='ltr'><strong>sustaiuing</strong></span> <span class='ocrx_word' id='word_1_388' title='bbox 2780 4359 2844 4413; x_wconf 85' lang='lat' dir='ltr'><strong>it.</strong></span> 
     </span>
    </p>

    <p class='ocr_par' dir='ltr' id='par_1_9' title="bbox 927 4429 3315 4842">
     <span class='ocr_line' id='line_1_43' title="bbox 1001 4429 3315 4502; baseline -0.001 -17"><span class='ocrx_word' id='word_1_389' title='bbox 1001 4431 1041 4500; x_wconf 87' lang='lat'>†</span> <span class='ocrx_word' id='word_1_390' title='bbox 1081 4430 1217 4486; x_wconf 86' lang='lat' dir='ltr'><strong>This</strong></span> <span class='ocrx_word' id='word_1_391' title='bbox 1257 4430 1451 4494; x_wconf 80' lang='lat' dir='ltr'><strong>island,</strong></span> <span class='ocrx_word' id='word_1_392' title='bbox 1477 4429 1652 4484; x_wconf 83' lang='lat' dir='ltr'><strong>called</strong></span> <span class='ocrx_word' id='word_1_393' title='bbox 1698 4430 1813 4484; x_wconf 69' lang='lat' dir='ltr'><strong>Bes</strong></span> <span class='ocrx_word' id='word_1_394' title='bbox 1834 4429 1904 4501; x_wconf 78' lang='lat' dir='ltr'><strong>by</strong></span> <span class='ocrx_word' id='word_1_395' title='bbox 1953 4447 2055 4484; x_wconf 89' lang='lat' dir='ltr'><strong>our</strong></span> <span class='ocrx_word' id='word_1_396' title='bbox 2097 4431 2316 4493; x_wconf 81' lang='lat' dir='ltr'><strong>author,</strong></span> <span class='ocrx_word' id='word_1_397' title='bbox 2350 4439 2497 4486; x_wconf 83' lang='lat' dir='ltr'><strong>must</strong></span> <span class='ocrx_word' id='word_1_398' title='bbox 2532 4431 2599 4484; x_wconf 86' lang='lat' dir='ltr'><strong>be</strong></span> <span class='ocrx_word' id='word_1_399' title='bbox 2642 4429 2879 4502; x_wconf 74' lang='lat' dir='ltr'><strong>Dursey,</strong></span> <span class='ocrx_word' id='word_1_400' title='bbox 2916 4435 2975 4483; x_wconf 85' lang='lat' dir='ltr'><strong>at</strong></span> <span class='ocrx_word' id='word_1_401' title='bbox 3008 4429 3103 4484; x_wconf 83' lang='lat' dir='ltr'><strong>the</strong></span> <span class='ocrx_word' id='word_1_402' title='bbox 3236 4429 3315 4483; x_wconf 82' lang='lat' dir='ltr'><strong>&#39;nt</strong></span> 
     </span>
     <span class='ocr_line' id='line_1_44' title="bbox 931 4499 3311 4586; baseline -0 -32"><span class='ocrx_word' id='word_1_403' title='bbox 931 4501 998 4554; x_wconf 80' lang='lat' dir='ltr'><strong>of</strong></span> <span class='ocrx_word' id='word_1_404' title='bbox 1023 4502 1118 4555; x_wconf 87' lang='lat' dir='ltr'><strong>the</strong></span> <span class='ocrx_word' id='word_1_405' title='bbox 1141 4502 1423 4574; x_wconf 87' lang='lat' dir='ltr'><strong>peninsula</strong></span> <span class='ocrx_word' id='word_1_406' title='bbox 1463 4500 1706 4556; x_wconf 82' lang='lat' dir='ltr'><strong>between</strong></span> <span class='ocrx_word' id='word_1_407' title='bbox 1745 4501 1959 4573; x_wconf 79' lang='lat' dir='ltr'><strong>Bantry</strong></span> <span class='ocrx_word' id='word_1_408' title='bbox 1994 4501 2103 4556; x_wconf 85' lang='lat' dir='ltr'><strong>and</strong></span> <span class='ocrx_word' id='word_1_409' title='bbox 2140 4501 2418 4556; x_wconf 85' lang='lat' dir='ltr'><strong>Kenmare</strong></span> <span class='ocrx_word' id='word_1_410' title='bbox 2440 4501 2589 4586; x_wconf 59' lang='lat' dir='ltr'><strong>bapa-</strong></span> <span class='ocrx_word' id='word_1_411' title='bbox 2669 4501 2758 4556; x_wconf 88' lang='lat' dir='ltr'><strong>On</strong></span> <span class='ocrx_word' id='word_1_412' title='bbox 2782 4501 2877 4555; x_wconf 87' lang='lat' dir='ltr'><strong>the</strong></span> <span class='ocrx_word' id='word_1_413' title='bbox 2906 4499 3033 4554; x_wconf 80' lang='lat' dir='ltr'><strong>12th</strong></span> <span class='ocrx_word' id='word_1_414' title='bbox 3059 4501 3126 4554; x_wconf 82' lang='lat' dir='ltr'><strong>of</strong></span> <span class='ocrx_word' id='word_1_415' title='bbox 3190 4517 3311 4562; x_wconf 81' lang='lat' dir='ltr'><strong>une,</strong></span> 
     </span>
     <span class='ocr_line' id='line_1_45' title="bbox 933 4571 3313 4645; baseline -0.001 -19"><span class='ocrx_word' id='word_1_416' title='bbox 933 4573 1129 4626; x_wconf 70' lang='lat' dir='ltr'><strong>Oai-ew</strong></span> <span class='ocrx_word' id='word_1_417' title='bbox 1154 4581 1274 4627; x_wconf 83' lang='lat' dir='ltr'><strong>sent</strong></span> <span class='ocrx_word' id='word_1_418' title='bbox 1299 4574 1510 4628; x_wconf 82' lang='lat' dir='ltr'><strong>Bostok</strong></span> <span class='ocrx_word' id='word_1_419' title='bbox 1534 4573 1641 4628; x_wconf 80' lang='lat' dir='ltr'><strong>and</strong></span> <span class='ocrx_word' id='word_1_420' title='bbox 1687 4571 1858 4626; x_wconf 78' lang='lat' dir='ltr'><strong>Owen</strong></span> <span class='ocrx_word' id='word_1_421' title='bbox 1886 4571 2205 4628; x_wconf 75' lang='lat' dir='ltr'><strong>O’Sullivan</strong></span> <span class='ocrx_word' id='word_1_422' title='bbox 2246 4579 2304 4627; x_wconf 89' lang='lat' dir='ltr'><strong>to</strong></span> <span class='ocrx_word' id='word_1_423' title='bbox 2348 4573 2473 4628; x_wconf 83' lang='lat' dir='ltr'><strong>take</strong></span> <span class='ocrx_word' id='word_1_424' title='bbox 2517 4579 2579 4625; x_wconf 79' lang='lat' dir='ltr'><strong>lt.</strong></span> <span class='ocrx_word' id='word_1_425' title='bbox 2658 4573 2815 4645; x_wconf 78' lang='lat' dir='ltr'><strong>They</strong></span> <span class='ocrx_word' id='word_1_426' title='bbox 2851 4571 3169 4636; x_wconf 85' lang='lat' dir='ltr'><strong>succeeded‚</strong></span> <span class='ocrx_word' id='word_1_427' title='bbox 3208 4572 3313 4626; x_wconf 79' lang='lat' dir='ltr'><strong>and</strong></span> 
     </span>
     <span class='ocr_line' id='line_1_46' title="bbox 930 4643 2629 4716; baseline 0 -20"><span class='ocrx_word' id='word_1_428' title='bbox 930 4644 1236 4697; x_wconf 72' lang='lat' dir='ltr'><strong>massaered</strong></span> <span class='ocrx_word' id='word_1_429' title='bbox 1261 4644 1352 4697; x_wconf 82' lang='lat' dir='ltr'><strong>the</strong></span> <span class='ocrx_word' id='word_1_430' title='bbox 1377 4643 2015 4698; x_wconf 82' lang='lat' dir='ltr'><strong>inhabitants.--Pacata</strong></span> <span class='ocrx_word' id='word_1_431' title='bbox 2038 4643 2326 4707; x_wconf 85' lang='lat' dir='ltr'><strong>Hibernia,</strong></span> <span class='ocrx_word' id='word_1_432' title='bbox 2340 4643 2396 4698; x_wconf 84' lang='lat' dir='ltr'><strong>ii.</strong></span> <span class='ocrx_word' id='word_1_433' title='bbox 2426 4662 2478 4716; x_wconf 90' lang='lat' dir='ltr'><strong>p.</strong></span> <span class='ocrx_word' id='word_1_434' title='bbox 2507 4647 2629 4697; x_wconf 81' lang='lat'><strong>563.</strong></span> 
     </span>
     <span class='ocr_line' id='line_1_47' title="bbox 927 4712 3304 4842; baseline -0 -75"><span class='ocrx_word' id='word_1_435' title='bbox 927 4715 1036 4842; x_wconf 54' lang='lat'><strong>5⁷}</strong></span> <span class='ocrx_word' id='word_1_436' title='bbox 1072 4713 1192 4768; x_wconf 87' lang='lat' dir='ltr'><strong>The</strong></span> <span class='ocrx_word' id='word_1_437' title='bbox 1217 4733 1404 4788; x_wconf 79' lang='lat' dir='ltr'><strong>enemy</strong></span> <span class='ocrx_word' id='word_1_438' title='bbox 1447 4715 1564 4769; x_wconf 83' lang='lat' dir='ltr'><strong>said</strong></span> <span class='ocrx_word' id='word_1_439' title='bbox 1605 4715 1672 4770; x_wconf 84' lang='lat' dir='ltr'><strong>he</strong></span> <span class='ocrx_word' id='word_1_440' title='bbox 1709 4715 2073 4770; x_wconf 80' lang='lat' dir='ltr'><strong>surrendered</strong></span> <span class='ocrx_word' id='word_1_441' title='bbox 2114 4723 2173 4769; x_wconf 78' lang='lat' dir='ltr'><strong>at</strong></span> <span class='ocrx_word' id='word_1_442' title='bbox 2210 4713 2811 4770; x_wconf 82' lang='lat' dir='ltr'><strong>discretion.—Pacata</strong></span> <span class='ocrx_word' id='word_1_443' title='bbox 2840 4712 3129 4777; x_wconf 74' lang='lat' dir='ltr'><strong>Hibernia,</strong></span> <span class='ocrx_word' id='word_1_444' title='bbox 3166 4713 3223 4766; x_wconf 84' lang='lat' dir='ltr'><strong>ii.</strong></span> <span class='ocrx_word' id='word_1_445' title='bbox 3250 4729 3304 4784; x_wconf 90' lang='lat' dir='ltr'><strong>p.</strong></span> 
     </span>
    </p>
   </div>
   <div class='ocr_carea' id='block_1_7' title="bbox 3560 3519 3567 4186">
    <p class='ocr_par' dir='ltr' id='par_1_10' title="bbox 3560 3519 3567 4186">
     <span class='ocr_line' id='line_1_48' title="bbox 3560 3519 3567 4186; baseline 0 0"><span class='ocrx_word' id='word_1_446' title='bbox 3560 3519 3567 4186; x_wconf 95' lang='lat' dir='ltr'><strong> </strong></span> 
     </span>
    </p>
   </div>
   <div class='ocr_carea' id='block_1_8' title="bbox 3562 4353 3567 5238">
    <p class='ocr_par' dir='ltr' id='par_1_11' title="bbox 3562 4353 3567 5238">
     <span class='ocr_line' id='line_1_49' title="bbox 3562 4353 3567 5238; baseline 0 0"><span class='ocrx_word' id='word_1_447' title='bbox 3562 4353 3567 5238; x_wconf 95' lang='lat' dir='ltr'><strong> </strong></span> 
     </span>
    </p>
   </div>
  </div>
 </body>
</html>
