3634 5842
918 1437 1249 1516 DOMINI
1332 1435 1738 1512 PHILIPPI
1822 1431 2403 1510 O'SULLEVANI
2490 1427 2829 1508 BEARRI
2917 1427 3271 1518 IBERNL

1129 1601 1620 1670 COMPENDII
1665 1598 2099 1666 HISTORIAE
2142 1596 2653 1664 CATHOLICAE
2682 1592 3093 1670 IBERNIAE,

1703 1730 1995 1798 TOMUS
2040 1729 2505 1796 SECUNDUS.

913 1926 1017 1992 ΒΕ
1048 1924 1305 1992 Ibernioe
1323 1922 1603 1991 laudibus
1631 1929 1693 1989 et
1721 1922 2077 1989 Ibernorum
2107 1921 2355 2007 origine,
2380 1917 2763 2002 moribusque
2790 1916 3091 2003 superiore
3116 1915 3309 1980 Tomo

916 2014 1144 2078 dictum
1202 2019 1313 2076 est.
1401 2011 1502 2076 Ad
1549 2018 1760 2076 caetera
1801 2011 1927 2095 jam
1974 2010 2369 2094 accingamur.
2457 2009 2517 2072 A
2562 2003 2779 2091 quibus
2824 2004 3015 2069 nostri
3056 2003 3308 2088 majoros

915 2101 1140 2164 fuerint
1167 2100 1251 2162 im
1329 2097 1427 2162 titi
1447 2103 1509 2162 et
1536 2097 1842 2163 Catholica
1870 2095 2016 2161 fides
2046 2102 2391 2181 oppugnata
2422 2114 2437 2151 t
2486 2092 2783 2158 Iberniam
2796 2090 2981 2176 Angli
3010 2112 3133 2174 quo
3153 2091 3307 2176 jure,

917 2193 978 2249 et
1006 2209 1043 2251 a
1093 2207 1212 2270 quo
1299 2183 1547 2249 abeant:
1595 2205 1744 2269 quas
1773 2183 2020 2247 tulerint
2048 2181 2229 2266 legeS,
2260 2180 2759 2267 quemadmodum
2786 2179 2851 2242 in
2880 2177 3208 2244 Ecclesiam
3250 2184 3313 2241 et

917 2271 1293 2358 Religionem
1320 2270 1544 2336 Christi
1571 2269 2010 2356 conjuraverint
2032 2275 2093 2333 et
2141 2269 2207 2332 in
2245 2269 2407 2354 ipsos
2436 2267 2643 2332 lberni
2686 2265 2861 2331 multi
2887 2287 2997 2350 pro
3025 2263 3314 2329 Numinis

917 2359 1050 2444 lege
1109 2380 1265 2444 saepe
1315 2357 1781 2444 conspiraverint
1801 2356 1837 2420 P
1926 2355 2082 2420 Inde
2130 2355 2342 2419 horum
2366 2354 2784 2431 constantiam,
2828 2351 3069 2416 illorum
3097 2373 3315 2416 saevam

918 2445 1358 2524 truculentiam,
1391 2450 1452 2509 et
1478 2443 1871 2531 tyrannidem.
1902 2441 2423 2508 invictissimorum
2469 2447 2795 2528 martyrum
2822 2445 2884 2504 et
2912 2438 3093 2503 etiam
3118 2438 3314 2524 perdi-

919 2539 1120 2598 torum
1147 2537 1327 2618 atque
1357 2531 1941 2598 sceleratissimorum
1970 2528 2281 2594 hominum
2311 2529 2473 2594 varia
2500 2527 2770 2614 exempla
2790 2525 3114 2591 videamus.

1712 2993 1935 3060 ΤΟΜΙ
1976 2991 2421 3059 IL—-LIBER
2462 2990 2517 3056 Ι.

1489 3157 1712 3212 Iber-nia
1734 3157 2007 3228 quomodo
2030 3157 2103 3212 sit
2138 3157 2205 3211 ab
2243 3153 2440 3229 Anglis
2462 3157 2687 3212 obtenta
2702 3166 2726 3212 ἲ

927 3317 1074 3382 Hoc
1101 3314 1274 3394 libro,
1341 3314 1404 3380 ui
1424 3316 1486 3380 in
1511 3314 1782 3393 Ibernos,
1803 3320 1865 3380 et
1902 3314 2300 3380 Christianam
2330 3315 2702 3400 Religionem
2729 3315 2953 3382 bellum
2987 3315 3319 3382 moverint:

929 3402 1280 3490 quemadmo
1323 3424 1428 3466 um
1457 3402 1701 3468 Ibernia
1727 3403 1792 3466 in
1813 3403 2151 3487 Anglorum
2180 3407 2535 3488 potestatem
2562 3405 2826 3483 venerit3
2875 3402 3214 3489 quibusque
3240 3404 3321 3467 le-

928 3490 1103 3644 gibus
1161 3511 1306 3643 (ζειαὶ
1340 3511 1508 3576 reges
1567 3488 1825 3575 Angliae,
1886 3511 2024 3554 cum
2080 3488 2374 3554 Catholici
2416 3489 2679 3568 fuerunt,
2760 3491 3319 3568 administraverint,

970 3600 1174 3644 emons
1200 3599 1266 3642 ra
1309 3599 1366 3642 o.

1974 3955 2155 4026 CAP.
2203 3960 2256 4024 Ι.

935 4128 1264 4184 Ibernorum
1309 4127 1455 4180 inter
1497 4145 1555 4181 se
1591 4127 1754 4189 bella,
1798 4135 1857 4180 et
1895 4133 2091 4181 contra
2132 4126 2277 4198 ipsos
2312 4127 2552 4180 subactae
2576 4127 2757 4198 gentis
2782 4127 3129 4193 rebelliones,
3168 4137 3319 4184 ante-

1395 4214 1557 4269 quam
1583 4197 1956 4252 Christianam
1978 4197 2158 4250 lucem
2173 4214 2449 4269 recepere,
2468 4204 2865 4255 memorantur.

933 4347 1279 4414 Panum’lo
1313 4343 1524 4411 Iberni
1564 4344 1588 4408 i
1631 4344 1701 4425 si,
1747 4343 1850 4410 alii
1894 4343 2043 4409 alios
2088 4365 2214 4410 non
2253 4345 2515 4430 segniter
2556 4345 2839 4430 aggressi,
2863 4347 3147 4413 intestina
3174 4346 3329 4412 bella

936 4457 1092 4520 saepe
1151 4439 1481 4520 gesserunt.
1570 4367 1742 4497 δήει-
1782 4431 2029 4496 minima
2057 4453 2182 4495 non
2210 4432 2461 4496 refertur
2488 4431 2657 4511 illud,
2689 4454 2807 4518 quo
2836 4432 3125 4519 Eoganus
3153 4434 3328 4518 Mag-

938 4543 1056 4584 nus
1094 4520 1542 4586 Momoniarum
1572 4519 1701 4584 Rex
1747 4518 1927 4583 Siurii
1957 4518 2251 4604 princeps,
2285 4519 2429 4583 dum
2459 4542 2496 4584 a
2538 4518 2661 4582 suis
2692 4519 2999 4599 deseritur,
3031 4545 3065 4585 a
3096 4519 3327 4592 Quinto

939 4607 1427 4689 Septentrionalis
1476 4605 1733 4672 Iberniae
1759 4627 1899 4691 rege
1928 4603 2137 4691 pulsus
2168 4607 2230 4669 in
2264 4604 2618 4690 Hispaniam
2648 4606 2830 4684 venit,
2860 4606 2965 4671 ubi
2992 4607 3060 4671 in
3080 4631 3326 4673 uxorem

939 4692 1122 4756 ducta
1163 4691 1344 4776 Regis
1405 4693 1714 4778 Hispaniae
1755 4691 1877 4758 filia
1903 4714 2041 4758 cum
2070 4691 2264 4757 tribus
2312 4691 2577 4756 millibus
2622 4690 3031 4778 Hispanorum
3060 4717 3327 4760 reversus

939 4779 1221 4844 amissum
1241 4801 1492 4864 regnum
1509 4779 1893 4866 recuperavit.
1966 4778 2259 4845 Praeterea
2279 4800 2427 4864 gens
2444 4777 2565 4859 illa,
2589 4801 2721 4864 quae
2749 4779 2865 4846 fuit
2893 4803 2929 4846 a
2955 4783 3175 4847 nostris
3206 4805 3328 4848 ma·
