3634 5842
405 772 543 816 car.
572 750 769 835 xv11.]
946 769 1031 814 nn
1060 769 1358 821 <sunnon
1386 771 1607 818 ranns
1636 771 2125 818 ramnum-roms
2155 772 2436 818 runem.
2657 756 2777 820 29⁷

398 923 777 1002 inundantes,
808 922 1091 989 damnum
1118 923 1288 997 illud.
1319 924 1695 1011 quod'Angli
1736 925 2087 1006 intulerunt,
2131 926 2432 1012 religiosas
2461 925 2692 1005 domus,
2722 931 2784 991 et

399 1032 565 1076 sacra
591 1011 897 1097 gymnasia
924 1010 1261 1090 evertendo,
1290 1019 1692 1098 compensant,
1723 1019 1785 1078 et
1812 1013 2159 1094 resarciunt,
2204 1014 2474 1100 quamvis
2501 1035 2624 1078 non
2654 1035 2779 1078 om·

398 1099 561 1177 nino,
614 1120 830 1184 magna
877 1104 1078 1162 tamen
1126 1120 1199 1163 ex
1248 1103 1432 1184 parte.
1519 1099 1599 1164 In
1627 1099 1871 1165 Ibernia
1912 1121 2148 1187 quoque
2188 1099 2466 1166 nonnulli
2494 1100 2689 1165 adhuc
2717 1121 2781 1165 se

398 1183 786 1271 religionibus
835 1184 1099 1270 alligant.
1190 1184 1277 1250 Hi
1335 1193 1697 1252 sacramenta
1746 1186 2104 1266 ministrant,
2159 1193 2499 1252 constantes
2548 1188 2614 1251 in
2663 1187 2780 1251 fide

398 1271 470 1336 ad
480 1271 702 1351 'uvant,
732 1278 1011 1336 nutantes
1040 1272 1408 1352 confirmant,
1439 1272 1714 1338 cadentes
1743 1273 2022 1352 retinent,
2053 1274 2250 1360 lapsos
2279 1274 2536 1358 erigunt,
2579 1271 2779 1338 Evan-

397 1295 615 1444 gelium
648 1367 1081 1423 sacrosanctum
1128 1367 1453 1446 exponunt,
1503 1360 1725 1447 populo
1756 1360 2202 1439 concionantur,
2233 1361 2642 1428 haereticorum
2669 1383 2778 1424 no·

397 1445 525 1524 dos,
556 1451 733 1531 atque
762 1445 937 1510 tricas
964 1444 1314 1511 dissolvunt.
1404 1445 1544 1518 Quo
1572 1445 1836 1511 crebrius
1865 1468 1899 1510 e
1927 1467 2110 1532 reguo
2154 1446 2450 1512 discedere
2472 1445 2777 1532 jubentur,

396 1531 467 1597 eb
494 1531 777 1597 libentius
806 1538 1067 1613 manent,
1099 1539 1160 1597 et
1186 1533 1367 1598 etiam
1408 1533 1739 1597 confluunt.
1827 1531 1927 1597 Ne
1956 1533 2030 1598 ab
2061 1533 2277 1619 Anglis
2320 1540 2780 1619 cognoscantur,

395 1618 765 1684 saemalarium
810 1618 1121 1684 hominum
1170 1619 1435 1684 vestibus
1474 1618 1691 1698 induti,
1722 1618 1822 1685 alii
1849 1626 2219 1700 mercatoreS,
2251 1619 2344 1686 vel
2371 1619 2649 1698 medicos,
2681 1619 2782 1684 alii

394 1727 555 1785 ense,
585 1712 648 1771 et
673 1706 935 1792 pugione
962 1707 1141 1771 cincti
1168 1706 1415 1792 equites,
1461 1705 1561 1772 alii
1610 1706 1725 1773 alia
1752 1706 2113 1787 conditione,
2143 1715 2204 1772 et
2232 1713 2358 1772 arte
2385 1729 2448 1771 se
2476 1705 2776 1770 simulant.

395 1791 485 1856 Ut
527 1799 728 1858 autem
778 1793 843 1858 in
886 1791 1161 1858 omnibus
1190 1793 1361 1879 regni
1386 1792 1535 1858 locis
1562 1793 1684 1858 sint
1713 1793 2062 1873 sacerdotes,
2095 1794 2200 1881 qui
2221 1794 2548 1859 animarum
2577 1815 2780 1858 curam

392 1888 621 1965 gerant,
671 1878 903 1945 salubre
947 1879 1260 1944 eonsilium
1308 1887 1399 1944 est
1442 1880 1679 1959 initum,
1732 1881 1896 1966 quod
1943 1888 2011 1946 ut
2051 1881 2282 1947 facilius
2307 1879 2684 1966 percipiatur,
2712 1880 2782 1944 in

389 1967 732 2032 memoriam
782 1966 1177 2031 revocandum
1229 1971 1354 2047 θείς
1396 1966 1465 2032 in
1514 1966 1757 2032 Ibernia
1801 1967 2362 2053 Archiepiscopatus
2411 1973 2686 2053 quatuor,
2717 1972 2780 2030 et

388 2051 787 2141 Episcopatus
815 2053 1147 2139 complures
1178 2075 1322 2130 esse,
1354 2075 1679 2140 omnesque
1708 2052 1886 2119 hodie
1915 2053 1990 2119 ab
2021 2052 2420 2119 haeresiarchis
2448 2051 2735 2138 possideri
2761 2077 2775 2116 ε

390 2139 467 2205 ob
496 2140 679 2226 idque
723 2140 915 2205 titulis
956 2161 1161 2205 eorum
1207 2139 1545 2206 Catholicos
1628 2140 1870 2206 raesules
1927 2141 2167 2206 nonnisi
2217 2140 2350 2205 rarb
2379 2139 2580 2217 creari,
2613 2138 2779 2224 quod

390 2225 517 2292 sine
543 2227 933 2313 vectigalibus
962 2226 1371 2294 ecclesiasticis
1396 2233 1567 2293 tanta
1651 2228 2026 2313 piscoporum
2069 2226 2246 2292 turba
2295 2226 2665 2314 dignitatem,
2717 2231 2780 2290 et

386 2312 673 2382 honorem
700 2315 854 2378 tueri
882 2337 1006 2380 non
1032 2336 1207 2400 posse
1234 2313 1521 2380 videatur.
1612 2313 2015 2386 Quamobrem
2034 2313 2480 2400 Archiepiscopi
2499 2319 2774 2398 quatuor,

388 2402 493 2486 qui
522 2407 727 2466 sunta
756 2399 1025 2466 Romano
1072 2401 1362 2466 Pontifice
1408 2401 1743 2486 inaugarati
1789 2401 1858 2466 in
1901 2400 2022 2466 suff
2199 2402 2284 2466 eis
2309 2399 2366 2466 E
2409 2397 2777 2485 iscopatibus

386 2487 635 2554 vicarios
686 2488 986 2572 generales
1034 2489 1408 2552 constituunt
1458 2488 1819 2553 authoritate
1845 2423 2196 2573 Apostofi'css
2222 2509 2360 2552 acce
2400 2493 2556 2564 ente,
2588 2508 2776 2552 sacer-

388 2572 577 2652 dotes,
629 2574 753 2638 sive
806 2573 1067 2651 clericos,
1116 2574 1239 2638 sive
1286 2573 1611 2659 religiosos.
1704 2572 1791 2639 Hi
1820 2594 2024 2638 rursus
2053 2571 2489 2658 parochialibus
2517 2572 2778 2638 ecclesiis

384 2659 675 2745 parochos
702 2659 1046 2758 praeficiunt.
1138 2657 1222 2723 Et
1262 2659 1736 2758 Eugeniuslflac
1764 2659 2107 2757 Magaunus
2133 2659 2774 2759 pubblinnaessrchie-

380 2743 2524 2918 hwa2⁶23„3:330rffnfffflffiepffsssszufflssffissffiffilt.
2609 2750 2776 2896 effi

382 2919 758 2986 Lombardus
812 2918 1309 3005 Arohiepiscopus
1379 2918 1751 2996 Ardmachae,
1812 2923 1874 2982 et
1931 2917 2270 2983 Florentius
2329 2916 2776 2983 O'Melconrius

382 3009 663 3086 Tuemiae,
696 3007 801 3092 qui
828 3005 1034 3071 multis
1064 3005 1139 3070 de
1166 3005 1359 3071 causis
1384 3005 1451 3070 in
1500 3005 1744 3071 Iber-nia
1769 3027 1877 3090 per
1903 3003 2137 3091 Anglos
2163 3011 2334 3071 tutus
2362 3025 2490 3070 esse
2517 3026 2641 3069 non
2666 3027 2774 3091 po-

383 3100 520 3173 test,
554 3117 689 3160 suas
718 3087 1051 3180 provincias
1078 3091 1311 3158 vicariis
1343 3091 1712 3178 delegarunt.

473 3181 673 3254 Quam
722 3179 961 3246 strenue
1010 3185 1208 3246 autem
1258 3179 1588 3245 sacerdotes
1636 3201 1759 3244 rem
1812 3183 2042 3265 gerant,
2071 3183 2134 3244 et
2158 3177 2482 3246 haeresibus
2511 3180 2770 3260 obstent,

384 3267 561 3334 fidem
610 3276 869 3356 superat.
958 3266 1097 3339 Qua
1144 3267 1211 3333 in
1257 3287 1323 3331 re
1370 3266 1627 3332 multum
1654 3266 1948 3352 imprimis
1987 3266 2273 3332 insudant
2300 3266 2442 3332 Divi
2469 3267 2776 3333 Dominici

382 3355 661 3441 religiosi,
692 3355 816 3441 qui,
848 3354 1003 3420 sicut
1028 3353 1238 3433 multa,
1268 3352 1606 3440 nobiliaque
1656 3352 1959 3439 quondam
1984 3353 2052 3418 in
2079 3352 2320 3418 Ibernia
2349 3355 2614 3420 caenobia
2641 3362 2774 3420 ten-

382 3447 620 3522 uerunt,
648 3443 734 3507 ita
777 3463 941 3507 nunc
982 3440 1075 3506 illi
1121 3439 1413 3506 laboranti
1441 3462 1564 3505 non
1592 3440 1792 3506 minus
1821 3439 2070 3506 student
2107 3440 2486 3520 subvenire,*
2513 3464 2692 3529 quam
2719 3441 2772 3506 si

384 3528 588 3594 eadem
616 3529 1004 3616 possiderent.
1090 3537 1099 3544 '

467 3615 767 3701 Seraphici
796 3613 1095 3680 Francisci
1122 3611 1293 3691 fflii‚†
1360 3611 1822 3678 uemadmodum
1853 3618 1997 3678 sunt
2024 3612 2182 3701 apud
2213 3613 2464 3679 Ibernos
2493 3615 2558 3680 in
2585 3616 2772 3679 maxi-

382 3703 483 3767 ma
532 3702 927 3780 veneratione,
978 3699 1156 3766 hodie
1202 3699 1270 3763 in
1358 3699 1567 3764 berni&
1611 3706 1852 3765 caeteros
1903 3721 2108 3764 omnes
2157 3700 2463 3786 religiosos
2520 3721 2770 3766 numero

380 3789 650 3854 vincunt.
680 3788 815 3853 Nec
842 3787 980 3853 ullis
1008 3785 1235 3852 meritis
1262 3785 1485 3852 cedunt
1504 3791 1701 3872 patres
1729 3786 2028 3852 societatis
2057 3785 2100 3851 J
2100 3791 2268 3869 esu‚‡
2302 3787 2441 3872 quia
2469 3786 2582 3852 sub
2609 3787 2770 3853 idem

450 4057 476 4084 ⁶
512 4051 832 4124 According
855 4058 914 4106 to
938 4051 1037 4106 the
1059 4049 1333 4104 Hibernia
1352 4047 1735 4110 Dominicana,
1758 4065 1814 4118 p.
1843 4048 1969 4122 Ι610,
1996 4046 2152 4100 there
2175 4063 2321 4100 were
2346 4047 2474 4119 only
2498 4047 2626 4102 four
2650 4047 2767 4102 Do-

380 4119 645 4182 minicans
665 4123 724 4176 in
750 4123 974 4178 Ireland
998 4128 1057 4176 at
1078 4121 1174 4176 the
1195 4121 1329 4174 time
1353 4119 1419 4174 of
1436 4117 1774 4174 Elin-beth’s
1807 4117 1996 4172 death.

453 4199 483 4264 †
524 4194 709 4248 While
732 4211 837 4248 our
860 4193 1059 4248 author
1100 4208 1211 4246 was
1249 4190 1490 4274 writing,
1534 4189 1729 4260 (1618)
1752 4189 1848 4243 the
1872 4187 2236 4243 Prauciscans
2261 4205 2404 4242 were
2429 4205 2559 4260 very
2583 4207 2772 4244 nume-

382 4285 514 4324 rous
538 4267 595 4320 in
620 4263 875 4319 Ireland:
914 4271 954 4299 “
970 4263 1183 4318 etiamsi
1206 4262 1490 4334 provincia
1530 4267 1722 4314 nostra
1742 4277 2020 4332 nunquam
2043 4259 2113 4313 ab
2136 4257 2293 4314 initio
2319 4259 2490 4314 fuerit
2513 4267 2626 4314 tam
2651 4260 2770 4315 des-

382 4340 553 4394 tituta
572 4336 838 4392 fratribus
862 4353 1025 4407 quam
1048 4351 1193 4389 nunc
1216 4341 1319 4397 est,
1342 4341 1527 4388 tamen
1551 4331 1697 4400 (laus
1722 4329 1846 4385 Deo
1867 4335 1910 4400 1)
1930 4329 2112 4385 adhuc
2137 4331 2198 4384 in
2217 4329 2488 4384 Hibernia
2509 4330 2770 4387 habemus

382 4419 603 4465 eentum
626 4407 678 4462 vi
721 4407 734 4421 “
776 4407 821 4461 ti
842 4407 1065 4469 fratres,
1104 4423 1171 4459 ex
1194 4405 1389 4476 quibus
1428 4409 1557 4458 sunt
1580 4402 1813 4474 triginta
1837 4401 1966 4473 quin
2003 4419 2074 4455 ue
2095 4400 2643 4471 prodicatoreff—in
2666 4403 2770 4458 hoe

385 4481 615 4554 collegio
640 4425 926 4550 (fibnvanii)
950 4483 1151 4549 preter
1187 4493 1357 4547 supra
1378 4482 1725 4529 enumeratos
1746 4479 1878 4527 sunt
2009 4489 2080 4526 uc
2102 4471 2256 4554 ultra
2277 4471 2642 4544 quadraginta
2663 4474 2772 4529 fra-

380 4559 516 4619 tres,
540 4551 722 4606 studio
748 4557 806 4606 et
866 4547 1021 4604 ietati
1061 4555 1317 4604 vacantes
1340 4555 1397 4602 et
1420 4552 1486 4599 ut
1506 4561 1753 4617 congruo
1778 4550 2027 4614 tempore
2047 4542 2106 4596 in
2129 4541 2456 4598 Hiberniam
2479 4544 2771 4600 mittantur

381 4631 824 4694 expectantem-.-
1054 4657 1073 4683 ,
1090 4637 1151 4746 K.
1174 4621 1231 4673 8.
2002 4683 2015 4699 ·
2479 4685 2492 4698 .

452 4695 485 4762 ss
520 4693 609 4750 Ve
696 4693 891 4755 active,
916 4693 1091 4764 thoug
1151 4697 1251 4745 not
1273 4706 1403 4761 very
1427 4703 1740 4741 numerous.
1815 4683 1978 4739 Even
1999 4701 2056 4737 m
2085 4687 2240 4751 1649,
2276 4683 2532 4739 accordm
2593 4693 2652 4740 to
2676 4687 2772 4744 the

380 4771 571 4836 report
591 4782 626 4819 o
674 4764 819 4819 Pere
844 4763 1106 4826 Verdier,
1128 4763 1289 4817 there
1330 4776 1473 4814 were
1496 4757 1555 4811 in
1580 4756 1805 4843 Ital-and
1831 4755 1958 4828 only
1977 4759 2048 4808 53
2074 4754 2330 4840 Bathea,
2353 4759 2386 4809 3
2415 4755 2522 4842 Co·
2563 4757 2770 4828 ,iuter-s,

380 4834 489 4888 and
518 4837 575 4888 ll
604 4833 861 4890 Noricos.
940 4835 1061 4890 The
1100 4833 1371 4890 noviciate
1405 4845 1515 4885 was
1538 4837 1597 4884 at
1622 4827 1920 4899 Kilkenny‚
1945 4825 2274 4882 established
2295 4827 2368 4899 by
2389 4827 2484 4882 the
2505 4829 2771 4886 mfluence

728 4909 811 4970 88
