3634 5842
396 838 532 885 car.
579 816 818 902 nvn]
1127 836 1413 881 mumma
1456 836 1570 881 sun
1615 838 2029 883 summa.
2658 818 2779 885 135

395 999 456 1057 et
499 992 801 1071 solemnis,
861 989 936 1057 ab
987 988 1278 1055 haereticis
1329 988 1632 1075 agebatur,
1687 988 1984 1055 Ministris
2034 993 2217 1056 cantu
2268 990 2608 1077 musicaque
2650 1014 2783 1077 per-

393 1078 766 1158 sonantibus,
797 1079 1102 1163 ingentem
1147 1076 1480 1155 clamorem,
1529 1082 1589 1141 et
1644 1078 2126 1143 vociferationem
2182 1076 2543 1158 extulerunt,
2601 1101 2782 1145 usum

394 1167 630 1231 aurium
656 1165 1115 1251 intercipientes,
1147 1168 1206 1227 et
1235 1163 1540 1229 haereticas
1568 1164 1944 1229 caeremonias
1965 1163 2374 1249 impedienteS,
2403 1187 2515 1230 nec
2542 1165 2782 1251 incepto

393 1253 561 1338 prius
611 1252 985 1329 destiterunt,
1034 1270 1214 1336 quam
1265 1249 1488 1336 templo
1492 1250 1688 1401 aegecti
1714 1252 1780 1315 in
1807 1251 2119 1337 pristinam
2162 1250 2495 1317 custodiam
2538 1252 2785 1318 fuerunt

395 1338 566 1405 relati
623 1338 786 1404 unde
842 1344 1050 1424 postea
1123 1357 1436 1423 nunquam
1627 1337 1941 1402 sceleratos
2008 1338 2159 1403 ritus
2216 1336 2460 1403 fuerunt
2532 1340 2779 1405 evocati.

392 1424 488 1491 Eo
563 1426 680 1505 die,
741 1425 844 1511 qui
915 1424 1261 1489 memoriam
1333 1423 1668 1489 Dominicae
1741 1445 1923 1489 caenae
1982 1423 2171 1489 festus
2242 1424 2458 1509 agitur,
2520 1424 2783 1491 haeretici

391 1511 649 1577 ministri
695 1532 1072 1577 numerosam
1119 1509 1354 1595 plebem
1401 1508 1760 1575 Ibernorum
1809 1510 2216 1595 agricolarum,
2247 1516 2308 1574 et
2334 1510 2691 1576 rusticorum
2718 1512 2785 1577 in

394 1599 683 1685 templum
710 1600 771 1663 vi
799 1604 1062 1664 coactam
1089 1596 1155 1661 in
1203 1596 1451 1661 modum
1501 1618 1753 1677 coronae,
1784 1597 1881 1662 vel
1924 1597 2130 1662 circuli
2171 1596 2423 1681 genibus
2450 1598 2663 1663 flexam
2693 1597 2781 1663 di-

393 1686 738 1771 gesserunt!
785 1691 846 1750 et
872 1706 1033 1749 unus
1081 1683 1352 1748 minister
1396 1705 1606 1768 gerens
1665 1705 1952 1769 magnum
1980 1683 2160 1749 tritici
2189 1684 2359 1769 panis
2387 1682 2633 1769 globum
2662 1686 2783 1749 sin-

394 1772 553 1923 gulis
598 1772 834 1858 singula
881 1772 1100 1843 frustra
1127 1769 1504 1856 porrigebat!
1551 1770 1699 1836 alter
1747 1793 1821 1835 ex
1864 1791 2083 1855 magna
2109 1770 2235 1835 vini
2261 1770 2545 1856 amphora
2572 1777 2785 1858 potum

436 1858 592 1924 abat.
623 1859 862 1924 Primus
891 1855 1246 1923 rusticorum
1277 1878 1416 1922 cnm
1443 1878 1656 1942 panem
1686 1857 2007 1942 accepisset
2034 1857 2271 1922 sinistra
2298 1879 2481 1921 manu
2510 1859 2785 1923 servavit.

393 1944 544 2011 Mox
573 1946 698 2011 vini
726 1945 981 2031 phialam
1013 1965 1270 2021 sumens,
1291 1966 1520 2009 merum
1536 1950 1734 2009 totum
1750 1966 1857 2029 per
1872 1944 2113 2029 longam
2135 1950 2196 2008 et
2216 1945 2511 2029 impexam
2538 1943 2783 2010 barbam

394 2033 568 2112 fudit,
600 2032 888 2098 simulans
929 2054 992 2096 se
1040 2030 1106 2095 id
1154 2036 1352 2095 totum
1393 2030 1636 2096 bibisse.
1719 2030 1877 2096 Cum
1904 2030 2045 2096 verb
2074 2030 2370 2095 secundus
2398 2032 2655 2097 rusticus
2684 2054 2783 2097 va-

395 2141 567 2185 cuam
595 2119 852 2205 phialam
879 2117 1223 2194 invenisset,
1257 2117 1516 2203 primum
1545 2117 1872 2203 alloquens„
1904 2118 2051 2203 quid
2095 2124 2185 2183 est
2212 2118 2431 2203 inquit,
2462 2126 2783 2204 compater,

397 2206 559 2292 quod
587 2206 738 2271 nihil
765 2206 890 2271 vini
917 2206 1068 2271 mihi
1095 2204 1438 2290 reliquisti?
1489 2204 1644 2269 Tum
1676 2205 1903 2289 primus
1930 2204 2103 2269 illum
2132 2227 2241 2269 suo
2270 2204 2441 2290 panis
2471 2205 2691 2270 frustro
2718 2206 2786 2269 in

396 2293 544 2359 facie
615 2294 969 2379 percutiens,
1045 2293 1098 2356 si
1169 2314 1306 2377 ego,
1376 2291 1595 2379 inquit,
1669 2291 1843 2356 hausi
1898 2298 2097 2356 totum
2153 2292 2381 2370 vinum,
2442 2292 2658 2357 devora
2712 2298 2787 2356 tu

363 2385 593 2445 ·totum
663 2378 942 2465 panem.''
1073 2377 1228 2443 Inde
1298 2379 1454 2443 risus
1523 2376 1754 2457 sibilus,
1828 2378 2068 2456 clamor,
2135 2384 2199 2443 et
2266 2378 2565 2443 tumultus
2617 2385 2785 2443 ortus

396 2472 595 2531 totum
668 2466 841 2531 illum
907 2464 1198 2529 haereticae
1261 2465 1696 2529 communionis
1767 2470 2117 2550 apparatum
2186 2463 2497 2544 subvertit,
2567 2464 2789 2531 frustra

395 2551 794 2617 renitentibus
874 2550 1178 2615 ministris.
1282 2551 1363 2615 In
1430 2551 1691 2637 quodam
1791 2573 1906 2637 ago
1970 2573 2155 2636 prope
2212 2550 2287 2616 ab
2346 2550 2568 2635 oppido
2625 2552 2787 2618 Pon-

397 2646 542 2737 tana
575 2636 1050 2721 (Drohadantha)
1084 2636 1353 2735 minister
1380 2637 1617 2736 Anglus
1645 2660 1756 2723 age
1797 2646 1880 2737 at,
1899 2637 2005 2722 qui
2032 2636 2403 2736 Qatholicum
2424 2637 2815 2711 sacerdotem,

400 2732 956 2889 Ξεῗῇηὲῗωέἓεέιζῗ
981 2721 1503 2874 ffdhlbddzozicinis
1529 2721 2790 2897 asussgffgugffiglgggamgggnffigdtffiss

399 2898 581 2963 tismo
609 2898 804 2963 funeri
848 2918 919 2960 us
941 2895 1187 2981 aliisque
1214 2894 1392 2961 rebus
1421 2896 1638 2961 divinis
1653 2895 1905 2961 volendo
1920 2896 2228 2961 interesse.
2251 2894 2405 2960 Cum
2423 2897 2790 2982 contigisset,

404 2991 475 3049 ut
502 2984 748 3071 quidam
775 2983 1009 3047 vicinus
1039 2981 1283 3047 obiisset
1311 2983 1489 3061 diem,
1513 2982 1640 3067 ejus
1670 3004 1885 3068 corpus
1904 2982 2217 3047 inhumare
2245 2983 2442 3048 caeteri
2472 2983 2792 3069 cupiebant

404 3071 708 3137 sacerdote
753 3076 1062 3156 praesente,
1093 3075 1157 3135 et
1183 3069 1455 3134 ministro
1504 3070 1712 3134 insci0.
1792 3068 2039 3134 Summa
2079 3069 2278 3155 quiete
2306 3092 2522 3155 corpus
2549 3070 2613 3134 in
2642 3078 2791 3137 tem-

403 3158 574 3246 plum
620 3157 810 3223 latum
855 3156 1252 3222 circumdatur
1281 3156 1320 3220 a
1346 3155 1600 3222 faeminis
1652 3155 1824 3243 (nam
1870 3156 1985 3221 viri
2012 3177 2137 3222 non
2163 3156 2487 3223 intererant
2513 3180 2637 3245 prae
2663 3158 2790 3223 An-

404 3245 639 3331 glorum
666 3246 864 3328 metu)
895 3243 1274 3329 sepulchrum
1302 3243 1578 3309 effossum
1620 3243 1747 3327 jam
1795 3248 1939 3324 erat,
1970 3242 2301 3309 sacerdotes
2329 3266 2561 3309 sacrum
2590 3245 2795 3311 Missae

406 3331 698 3397 celebrare
725 3331 900 3417 caepit
945 3352 1068 3395 uno
1118 3352 1303 3416 puero
1339 3330 1753 3415 respondente.
1815 3329 2000 3402 Quod
2026 3330 2341 3396 haereticus
2369 3331 2655 3410 minister,
2687 3333 2795 3418 qui

403 3426 590 3485 totam
618 3424 859 3483 noctem
906 3417 1193 3502 vigilavit,
1223 3438 1360 3482 cum
1407 3416 1788 3503 explorasset,
1824 3418 1996 3496 clam,
2027 3423 2089 3482 et
2130 3418 2337 3483 furtim
2380 3419 2671 3504 templum
2699 3419 2795 3482 in-

403 3528 642 3593 gressus
692 3505 868 3589 juxta
935 3504 1093 3569 fores
1164 3505 1382 3569 tacitus
1425 3505 1592 3569 stetit
1663 3504 1855 3570 donec
1925 3504 2106 3569 fuerit
2177 3527 2412 3570 sacrum
2466 3510 2791 3590 peractum.

399 3592 558 3659 Tum
611 3614 752 3656 vero
810 3590 1177 3657 sacerdotem
1226 3590 1379 3656 collo
1426 3589 1873 3675 deprehendens
1936 3588 2179 3655 calicem
2252 3612 2490 3674 quoque
2562 3614 2795 3657 sacrum

397 3679 656 3764 capiens,
732 3682 775 3713 “
797 3676 935 3757 da,’'
1009 3677 1226 3763 inquit,
1303 3681 1344 3712 “
1359 3676 1522 3741 hunc
1593 3676 1838 3742 calicem
1899 3681 1961 3741 et
2024 3676 2163 3740 veni
2226 3681 2299 3739 tu
2369 3695 2627 3763 quoque,
2672 3700 2794 3742 me-

397 3788 536 3831 cum
595 3770 804 3852 captus
861 3763 1220 3829 authoritate
1263 3769 1327 3828 et
1361 3762 1537 3846 jussu
1586 3762 1873 3849 reginae.”
1960 3762 2117 3826 Tum
2144 3761 2399 3827 faeminae
2442 3764 2798 3848 surgentes*

407 3978 541 4045 ergo
583 3958 814 4032 perditae
859 3974 1107 4030 personae
1122 4028 1134 4041 ·
1149 3957 1434 4029 utriusque
1472 3974 1634 4011 sexus
1672 3956 1836 4041 hujus
1878 3957 2051 4011 sancti
2079 3957 2181 4042 viri
2216 3958 2438 4043 monitis
2452 3966 2519 4043 'et
2542 3961 2795 4016 exhorta-

408 4031 648 4116 tionibus
671 4032 744 4085 ad
765 4031 986 4114 frugem
1008 4028 1951 4155 xgehpggmfiessggmgtbgilsgistegnasti
1963 4029 2283 4153 ῗοζὲἐίιοηῗὲ
2299 4046 2401 4155 ⁸:11:
2394 4030 2529 4155 :Ilipn
2518 4031 2790 4158 Revdssg.

409 4102 1137 4263 ἓὲἓιὶῃὲὶηῗξῇῖἑΐιξείὶῖἒ
1157 4117 1664 4256 moliripcomiiievit,
1691 4117 1943 4242 Mbgaelney,
1967 4142 2021 4243 p.
2044 4174 2135 4225 52.
2153 4118 2189 4172 q
2212 4120 2379 4226 Af‘tier
2416 4173 2560 4227 detai
2583 4174 2640 4227 in
2701 4140 2797 4259 the

411 4243 975 4369 mm'ffiffiffffi?
989 4241 1419 4367 3322315203
1439 4240 1538 4367 {¹1²2ss
1559 4241 1999 4367 {5:3322335?
2000 4282 2018 4309 ’
2029 4242 2243 4368 3¹51,oess
2250 4242 2801 4373 ‘'fssv‘ss'izsssftoe‘oaiffiff

413 4334 548 4441 liz?
605 4386 676 4441 In
707 4355 861 4449 1617}
884 4356 1043 4439 thexre
1061 4402 1203 4437 were
1225 4383 1352 4437 four
1378 4382 1740 4438 Franciscans
1756 4383 1931 4457 living
1951 4332 2083 4438 ngat
2108 4332 2393 4447 Kyilchreffi
2416 4385 2518 4438 but
2540 4334 2682 4441 {vere
2700 4399 2797 4445 not

416 4458 644 4512 allowed
669 4465 728 4511 to
754 4465 908 4511 enter
931 4456 1026 4511 the
1051 4462 1303 4517 convent,
1325 4454 1472 4508 their
1495 4455 1773 4509 exclusion
1813 4455 1978 4527 being
2002 4472 2105 4508 one
2126 4454 2193 4509 of
2225 4454 2321 4508 the
2357 4456 2566 4510 clauses
2602 4458 2659 4511 in
2701 4462 2797 4517 the

521 4536 585 4583 nt
608 4528 674 4583 of
709 4527 806 4581 the
830 4534 1063 4611 conv-ent
1087 4526 1242 4580 landa
1266 4533 1326 4579 to
1365 4524 1600 4609 Qormac
1626 4526 1756 4611 M.⁸⁰
1799 4525 2095 4610 piar-mum
2133 4526 2263 4609 Mac
2290 4525 2467 4580 Carth
2515 4528 2609 4611 'of
2641 4529 2795 4587 Mus-

455 4616 601 4671 ⁰“''·
676 4596 2795 4738 “153¹13-‘02223512'32‘ss5555233533¹⁰32?3²332¹¹22¹2223333⁶ffl0¹3m¹3⁵333⁶*

418 4686 1070 4825 ffbffiua‘iessebenefaetoreg
1091 4739 1415 4825 fratribus?
1485 4738 1638 4792 Most
1661 4738 1726 4794 of
1741 4738 1901 4793 those
1925 4746 1964 4772 “
1978 4738 2353 4793 benefactors”
2374 4758 2518 4795 were
2540 4754 2709 4817 swept
2724 4694 2806 4803 dg

422 4810 1756 4950 mgr-9193{Iglssgmvggsszxtogngzffigzafion
1773 4880 1910 4935 with
1926 4878 2101 4963 which
2123 4878 2253 4953 they
2272 4880 2529 4954 beguiled
2550 4885 2645 4941 the
2669 4888 2802 4944 time

423 4951 496 5023 by
521 4952 625 5024 day
647 4952 756 5007 and
777 4952 955 5023 night,
976 4969 1085 5006 was
1106 4954 1366 5007 lamentin
1429 4952 1576 5007 their
1615 4952 1863 5007 troubles
1887 4951 1996 5006 and
2025 4950 2282 5025 hstening
2302 4960 2363 5007 to
2386 4953 2482 5007 the
2505 4958 2657 5012 cruel
2682 4976 2803 5015 sen..

426 5030 610 5078 tences
630 5023 985 5094 pronounced
1007 5040 1078 5077 on
1100 5023 1195 5078 the
1217 5023 1351 5097 high
1367 4972 1515 5080 born
1535 5023 1724 5079 nobles
1742 5024 1808 5080 of
1823 5022 2101 5078 Ireland.”
2150 5024 2299 5079 Four
2317 5024 2575 5090 Manere,
2592 5046 2648 5101 p.
2674 5034 2799 5086 865.
