3634 5842
915 711 1038 773 194
1364 708 1774 771 o'sutnnvam
1820 723 2134 769 msa-onus
2180 722 2562 781 cunonem,
2591 722 2742 769 rou.
2789 721 2891 765 111.
3011 702 3167 787 [mn.
3198 723 3286 769 ιν.

911 882 1148 967 pedum,
1179 878 1622 965 profundiorem
1651 900 1791 943 vero
1821 877 2040 942 fossam
2068 876 2317 941 interius
2346 898 2453 961 per
2482 881 2749 961 quartam
2779 873 3037 941 milliarii
3064 881 3311 961 partem·

909 968 986 1033 O’
990 968 1054 1032 N
1055 966 1204 1033 ellus
1250 966 1443 1045 duxit,
1493 964 1703 1049 magis,
1750 969 1823 1027 ut
1868 968 2023 1028 esset
2066 962 2225 1029 hosti
2270 962 2713 1048 impedimento,
2746 982 2925 1047 quam
2968 962 3085 1030 sibi
3124 962 3292 1049 adju-

907 1062 1130 1119 mento.
1217 1052 1387 1118 Inter
1414 1051 1678 1117 medium
1707 1050 1947 1129 vallam,
1979 1056 2041 1114 et
2066 1051 2300 1135 regium
2325 1050 2649 1117 exercitum
2692 1047 3040 1115 exsiliebant
3066 1048 3291 1115 turbidi

907 1142 1119 1206 coloris
1175 1139 1405 1205 lattices
1463 1162 1536 1204 ex
1595 1136 1921 1223 uliginibus
1993 1144 2295 1201 coeuntes.
2382 1134 2565 1201 Unde
2621 1137 2821 1203 forsan
2876 1135 3045 1203 locus
3086 1137 3291 1205 multis

905 1228 1122 1293 dicitur
1167 1226 1408 1291 Vadam
1456 1224 1744 1312 pallidum
1801 1224 1989 1307 (Beal
2034 1224 2180 1289 atha
2235 1224 2379 1304 bui)
2432 1224 2545 1289 etsi
2600 1224 2732 1289 aliis
2789 1222 3017 1309 placeat
3072 1224 3290 1290 vadum

905 1314 1108 1381 Sancti
1164 1311 1385 1379 Buiani
1455 1312 1672 1378 vocari.
1788 1310 1909 1375 Pro
1958 1310 2134 1389 vallo,
2206 1318 2271 1375 et
2340 1316 2594 1395 utroque
2666 1311 2929 1377 exercitu
2999 1312 3285 1395 equitum,

903 1409 964 1466 et
991 1400 1438 1465 fulminatorum
1466 1420 1671 1485 pugna
1697 1397 2105 1463 vehementius
2132 1398 2515 1463 instauratur.
2602 1396 2683 1465 In
2712 1404 2865 1463 aestu
2890 1420 3111 1485 pugnae
3139 1398 3287 1465 sclo-

901 1488 1166 1573 perarius
1213 1486 1470 1572 Anglm,
1501 1486 1605 1571 qui
1636 1486 1923 1550 niti-atum
1964 1484 2267 1569 pulverem
2294 1484 2451 1549 inter
2477 1484 2871 1569 pugnandum
2900 1486 3284 1572 consumpsit,

897 1574 1149 1661 sulphur
1198 1580 1544 1659 sumpturus
1591 1572 1658 1637 in
1683 1571 1957 1657 lagenam
1984 1572 2051 1637 in
2078 1572 2200 1656 qua
2226 1576 2370 1649 erat,
2414 1569 2567 1637 forte
2614 1572 2821 1657 injecit
2860 1593 3124 1652 manum,
3170 1574 3287 1658 qua

895 1661 1344 1727 bombardicum
1371 1660 1576 1725 funem
1603 1659 1861 1745 ignitum
1891 1656 2151 1723 tenebat.
2239 1658 2473 1809 IuLecto
2518 1659 2659 1743 igne
2704 1680 2947 1725 accensa
2972 1657 3201 1745 lagena,
3224 1665 3285 1725 et

898 1751 1034 1815 duae
1080 1750 1364 1836 proximae
1411 1747 1556 1813 nitri
1596 1746 1790 1834 plenae
1830 1744 2153 1811 nonnullos
2180 1768 2312 1811 com
2356 1753 2521 1811 ustos
2548 1747 2617 1811 in
2642 1767 2815 1811 serem
2846 1746 3087 1815 tollunt.
3178 1746 3283 1813 In-

893 1836 1070 1901 terim
1114 1835 1345 1921 Bagnal
1390 1844 1596 1900 eontra
1643 1832 2086 1899 catholicorum
2136 1832 2378 1913 vallum,
2426 1839 2486 1898 et
2535 1833 2773 1917 agmina
2819 1832 3083 1920 disponit
3122 1854 3284 1899 aenea

896 1924 1387 2001 machinamenta,
1439 1942 1696 2007 quorum
1745 1942 1935 1985 unum
1981 1918 2285 2005 sulphure,
2318 1930 2377 1983 et
2427 1918 2623 2006 globis
2674 1926 2977 1998 onustum,
3010 1920 3153 1985 dum
3184 1943 3282 1986 ex·

894 2010 1178 2096 ploditur,
1235 2008 1620 2073 vehementia·
1653 2007 1915 2094 pulveris
1962 2007 2029 2071 in
2074 2005 2234 2071 varia
2282 2006 2500 2093 frustra
2528 2005 2837 2092 diruptum
2863 2007 3140 2073 interficit
3168 2008 3279 2073 cir·

897 2103 1261 2161 cumstantes
1291 2094 1630 2160 nonnullos.
1719 2092 1961 2159 Caeteris
1992 2092 2225 2178 Bagnal
2266 2092 2488 2158 vallum
2532 2092 2795 2173 discutit,
2825 2101 2888 2159 et
2914 2094 3282 2161 hastatorum

893 2182 1334 2247 catholicorum
1383 2183 1622 2266 agmina
1668 2180 1979 2246 tormentis
2031 2179 2194 2245 nuda
2243 2178 2531 2259 verberat,
2582 2200 2789 2245 eorum
2846 2202 2881 2245 e
2918 2179 3169 2261 uitibus,
3218 2188 3281 2247 et

892 2268 1337 2347 bombat-dariis,
1369 2268 1474 2353 qui
1501 2288 1609 2353 pro
1652 2266 1807 2332 vallo
1858 2267 2232 2331 continenter
2276 2272 2525 2346 certant,
2571 2265 2817 2333 minime
2862 2290 2899 2332 o
2972 2267 3275 2333 tantibus:

894 2356 1126 2441 aliquot
1150 2360 1348 2441 partes
1376 2354 1515 2454 valli
1543 2352 1671 2420 solo
1700 2359 1916 2453 aequat,
1934 2360 1997 2453 et
2023 2351 2099 2419 ab
2128 2374 2199 2418 eo
2218 2359 2375 2418 arcet
2396 2354 2674 2439 agmina:
2704 2354 2770 2419 in
2799 2376 3053 2439 quorum
3079 2353 3277 2419 locum

889 2438 3149 2614 1:33znrpuuptgtipoplpnffireigaenmaffimgfflffloemnfflteffiffiffieljfflinallm
3177 2550 3271 2595 or-

889 2618 1057 2682 dines
1108 2615 1330 2682 vallum
1377 2614 1913 2701 transgrediuntur,
1965 2614 2031 2679 iu
2080 2633 2336 2701 quorum
2388 2613 2721 2680 subsidium
2749 2636 2963 2701 agmen
2989 2614 3273 2681 ultimum

887 2704 1073 2769 ducit.
1158 2702 1388 2768 Eodem
1416 2711 1680 2787 tempore
1729 2701 2059 2786 equitatum
2088 2708 2151 2767 et
2178 2699 2621 2769 bombardarios
2648 2700 3089 2769 Catholicorum
3114 2704 3271 2769 intra

886 2790 1110 2856 vallum
1140 2790 1343 2876 pulsos
1371 2791 1570 2876 regius
1620 2790 1940 2875 equitatus,
1971 2794 2033 2853 et
2060 2786 2461 2854 bombardarii
2488 2794 2837 2873 sequuntur,
2867 2796 2928 2855 et
2956 2812 3127 2875 aequo
3150 2790 3273 2878 jam

887 2879 1020 2961 loco
1051 2878 1290 2963 utrique
1319 2875 1558 2943 strenue
1578 2876 1940 2963 praeliantur,
1970 2884 2033 2942 et
2058 2875 2297 2961 utrique
2310 2876 2484 2943 mixti
2502 2876 2612 2940 viri
2640 2875 2797 2941 viros
2824 2875 3077 2963 amplexi
3104 2878 3275 2963 equis

895 2965 1235 3030 detrahunt.
1327 2964 1448 3029 Hic
1477 2963 1695 3029 hastati
1737 2962 2049 3045 Catholici,
2082 2963 2185 3047 qui
2214 2970 2645 3029 tormentorum
2684 2962 2904 3029 ictibus
2931 2964 2970 3029 6.
2995 2963 3149 3031 vallo
3177 2965 3270 3030 fu-

895 3062 1072 3117 erunt
1098 3051 1332 3131 remoti,
1361 3050 1629 3116 videntes
1656 3056 1954 3115 tormenta
1980 3071 2105 3115 non
2134 3071 2260 3115 esse
2280 3050 2405 3135 jam
2422 3050 2584 3115 hosti
2602 3050 2759 3128 usui,
2790 3072 2916 3115 sese
2942 3051 3006 3115 in
3036 3052 3273 3137 agmina

893 3136 2657 3303 3533}ng„03133333333333333033
2698 3136 3275 3291 οῗέἑῗὲἲέξῗὲοῗὲ

897 3310 1089 3388 factis,
1122 3309 1316 3395 gravis
1339 3246 1781 3397 {cnlopiqacmm
1812 3306 2243 3375 sustinentibus
2272 3246 2435 3375 rEt-us
2464 3332 2527 3375 se
2548 3310 2673 3396 jam
2700 3312 2929 3391 vicisse,
2949 3320 3019 3378 ut
3034 3248 3277 3379 libeffius

891 3396 1089 3462 laetam
1118 3396 1305 3482 praelii
1349 3396 1558 3461 faciem
1605 3396 1835 3462 videret
1862 3403 1923 3461 et
1949 3396 2179 3462 facilius
2204 3396 2534 3483 respiraret,
2565 3402 2875 3463 armatum
2904 3399 3099 3483 gravis
3124 3422 3272 3484 pon·

892 3483 1032 3549 dere
1079 3484 1383 3569 fatigatus,
1413 3482 1656 3549 cassidis
1699 3482 2109 3569 conspicilium
2150 3484 2358 3570 aperit,
2388 3490 2450 3549 et
2477 3483 2654 3563 tollit,
2684 3506 2797 3549 nec
2822 3486 2989 3571 prius
3018 3485 3270 3565 demisit,

891 3577 952 3635 et
980 3570 1210 3648 clausit,
1241 3591 1421 3657 quam
1441 3571 1632 3656 jacuit
1658 3569 1827 3635 humi
1854 3570 2139 3635 exanimis
2166 3570 2446 3656 plumbea
2471 3571 2687 3656 glande
2722 3573 2919 3639 fronte
2947 3573 3271 3639 confossus.

691 3671 868 3740 [155.]
887 3656 1076 3744 Cujus
1105 3664 1295 3723 morte
1322 3659 1566 3723 tertium
1595 3660 1864 3744 agmen,ss
1892 3658 1956 3722 in
1988 3677 2109 3757 quo
2138 3664 2281 3737 erat,
2312 3680 2530 3743 magna
2544 3658 2859 3744 trepidatio
2887 3660 3123 3726 invasit.
3146 3662 3271 3747 Ag-

877 3745 1052 3809 ·mina
1100 3743 1220 3809 duo
1269 3744 1347 3810 ad
1395 3766 1529 3830 quse
1581 3745 1748 3809 ducis
1795 3744 2043 3809 extincti
2090 3745 2345 3811 nuncius
2388 3744 2657 3810 nondum
2698 3746 2814 3811 fuit
2840 3746 3121 3833 perlatus,
3148 3770 3272 3813 rem

887 3832 1121 3896 fortiter
1295 3838 1384 3897 nt.
1473 3831 1764 3898 Catholici
1814 3852 2051 3917 quoque
2092 3830 2244 3897 nihil
2285 3832 2545 3916 segniter
2572 3832 2843 3918 praelium
2870 3837 3269 3901 committunt.

887 3918 1160 3984 O’Done]
1191 3942 1258 3983 us
1288 3916 1831 3985 bombardariorum
1859 3920 2080 3983 virtute
2107 3940 2233 3983 sese
2261 3924 2483 3983 tuetur.
2571 3919 2715 3983 O'N
2716 3920 2817 3986 elli
2844 3942 3058 4007 agmen
3084 3922 3271 4008 ungis

888 4005 1208 4091 periclitari
1257 4006 1510 4070 videtur.
1600 4004 1678 4070 In
1729 4005 1843 4071 hoc
1894 4006 2137 4091 ancipiti
2165 4026 2364 4069 rernm
2392 4012 2555 4072 statu
2607 4004 2682 4070 O'
2684 4006 2750 4071 N
2752 4006 2921 4087 ellus,
2954 4010 3057 4093 qui
3100 4010 3271 4095 juxta

889 4114 1067 4157 suum
1112 4114 1326 4177 agmen
1375 4112 1527 4176 equo
1574 4090 1873 4157 insidebat
1922 4114 2060 4158 cum
2110 4090 2408 4176 equitibus
2458 4114 2577 4178 qua
2728 4093 2742 4107 '
2786 4101 2869 4173 ta,
2914 4101 2975 4160 et
3022 4096 3269 4163 totidem

889 4178 1336 4258 bombardariis,
1366 4177 1808 4244 bombardarios
1840 4178 2029 4265 jubet,
2052 4185 2125 4243 ut
2158 4180 2389 4263 regium
2416 4202 2632 4265 agmen
2658 4202 2702 4267 g
2802 4181 2978 4247 dibus
3006 4192 3265 4270 carpant.

879 4265 1252 4331 Obedientoe
1277 4266 1362 4330 im
1405 4266 1524 4330 erio
1541 4264 1938 4331 bombardarii
1963 4288 2089 4330 non
2108 4288 2318 4351 parum
2338 4265 2672 4346 molestant,
2701 4274 2764 4333 et
2791 4270 3027 4335 ordines
3048 4278 3269 4357 cogunt

869 4352 1084 4418 ·laxare
1113 4374 1328 4439 agmen
1383 4351 1803 4417 ulminatorum
1834 4375 1947 4437 ope
1974 4352 2223 4418 nudum.
2311 4352 2607 4420 Perculsis
2637 4353 2931 4422 O'Nellus
2958 4358 3127 4424 addit
3152 4366 3266 4423 ter-

886 4462 1076 4505 rorem
1130 4462 1269 4506 cum
1315 4439 1538 4525 quadra
1585 4440 1706 4505 'nta
1755 4438 2057 4525 equitibus
2104 4439 2172 4504 in
2216 4439 2479 4507 medium
2528 4462 2741 4527 agmen
2789 4441 3001 4509 laxatis
3026 4444 3267 4511 habenis

885 4527 1287 4612 irrumpendo.
1377 4525 1556 4591 O'Ne
1601 4548 1706 4591 um
1733 4548 1987 4611 sequens
2016 4546 2193 4591 suum
2222 4528 2587 4593 hastatorum
2608 4551 2821 4614 agmen
2848 4531 3102 4598 elamore
3130 4530 3267 4598 sub·

885 4612 1006 4711 lato
1034 4614 1265 4699 regium
1292 4614 1354 4678 in
1383 4614 1590 4701 fugam
1618 4615 1796 4679 vertit
1825 4615 1969 4679 hora
1997 4610 2119 4679 fere
2140 4613 2331 4699 prima
2357 4614 2775 4714 pomeridiana.
2839 4617 2917 4684 Id
2946 4620 3269 4706 conspicati

883 4718 1492 4871 lidghlgquuifugubttiff
1527 4699 2243 4873 (ᾙοέξιιιιίῗαῒῗιᾝὲω
2293 4724 2489 4853 refer}
2510 4700 3135 4859 uffiffiafffnqopum
3162 4716 3267 4861 alite
