3634 5842
404 723 540 767 cu».
585 702 706 785 nn]
1105 716 1390 761 menum
1435 716 1551 761 sus
1597 718 2013 765 sumemus.
2428 786 2445 810 δ
2708 706 2785 767 97

400 879 530 939 tum
555 873 880 960 improviso
927 872 1334 937 circumvenit.
1452 869 1823 937 O'Douellus
1866 870 2073 957 paucis
2100 871 2331 937 amissis
2352 873 2497 959 fuga
2517 876 2673 961 petit
2696 899 2787 942 sa-

400 960 608 1027 lutem.
697 960 817 1025 Sed
862 967 1070 1023 rursus
1098 956 1303 1022 eodem
1333 957 1428 1024 die
1455 957 1678 1022 viribus
1697 958 2113 1043 redintegratis
2139 980 2277 1024 eum
2302 960 2527 1027 victore
2557 962 2791 1028 vindice

403 1049 603 1114 animo
643 1048 710 1112 in
752 1052 1051 1112 certamen
1079 1042 1310 1109 redivit.
1400 1044 1612 1109 Multis
1669 1046 1951 1130 utrinque
1998 1044 2345 1112 cadentibus
2375 1046 2614 1114 strenue
2635 1072 2787 1136 pug-

402 1142 599 1201 natur.
688 1132 953 1199 Tandem
1012 1129 1305 1197 O'Nellus
1355 1132 1477 1196 acie
1502 1132 1869 1217 profligatus,
1900 1133 2088 1218 copiis
2118 1132 2389 1209 deletis,·'‘·
2416 1156 2555 1201 cum
2583 1138 2787 1221 paucis

401 1223 503 1287 vix
525 1220 797 1299 elabitur,
829 1218 982 1285 nihil
1007 1226 1210 1283 tamen
1235 1218 1424 1304 magis
1453 1218 1675 1283 fractus
1704 1220 1931 1285 animo.
2036 1218 2315 1305 Namque
2365 1222 2679 1288 confestim
2700 1222 2789 1289 vi-

403 1308 570 1373 ribus
600 1306 969 1393 comparetis,
997 1311 1204 1371 octavo
1251 1312 1386 1390 post
1415 1304 1531 1385 die,
1555 1328 1694 1371 eum
1736 1307 1961 1391 reginae
1990 1307 2174 1392 copiis
2200 1329 2447 1373 manum
2474 1332 2791 1377 conserens

404 1394 668 1459 obtinuit
693 1395 986 1479 insignem
1025 1392 1190 1457 illam
1216 1391 1522 1457 victoriam
1573 1414 1708 1477 quse
1735 1393 1955 1459 dicitur
1983 1398 2026 1428 “
2054 1415 2329 1479 sagorum
2366 1394 2791 1477 rubrorum,'’†

405 1481 568 1567 quod
583 1482 647 1546 in
677 1483 882 1567 pugne
920 1487 1132 1566 praeter
1157 1486 1402 1545 coeteros
1423 1479 1864 1558 succubuerint,
1907 1478 2327 1565 quadringenti
2352 1481 2569 1547 milites
2596 1506 2789 1571 nuper

403 1590 478 1633 ex
505 1568 730 1653 Anglia
773 1567 1070 1653 suppetias
1097 1567 1334 1653 proregi
1360 1566 1612 1653 profecti
1639 1566 1907 1652 puniceis
1939 1566 2095 1651 sagis
2121 1566 2341 1631 induti.
2426 1568 2569 1640 Qua
2586 1577 2788 1637 tamen

402 1656 651 1721 victori&
706 1654 898 1719 clarus
926 1653 1086 1719 haud
1115 1652 1221 1717 diu
1247 1660 1388 1739 post
1412 1654 1671 1718 infauste
1705 1654 1914 1738 jacuit.
2000 1652 2065 1716 N
2066 1674 2163 1717 am
2189 1660 2261 1717 ut
2288 1659 2495 1719 contra
2522 1657 2787 1743 reginam

403 1750 464 1807 et
511 1740 846 1807 O’Donnell
854 1762 956 1807 um
981 1740 1236 1827 majores
1263 1740 1462 1826 copias
1491 1739 1752 1818 haberet,
1777 1761 1849 1803 ex
1870 1740 2072 1805 Secti&
2092 1739 2445 1805 Albionensi
2474 1743 2789 1809 Scotorum

399 1828 694 1915 legionem
708 1828 936 1906 accivit,
960 1848 1138 1912 quam
1155 1826 1312 1911 apud
1336 1827 1622 1912 cumipse
1637 1833 1792 1892 esset
1807 1827 2101 1907 incautus,
2123 1826 2277 1892 nihil
2303 1828 2531 1894 adversi
2551 1832 2767 1897 timens

402 1940 438 1981 a
478 1914 762 1981 militibus
783 1915 996 1993 ScotiS,
1027 1914 1276 1979 Scotieae
1303 1914 1555 1999 legionis
1574 1914 1730 1979 haud
1761 1913 1992 1979 dudum
2018 1920 2191 1979 antea
2218 1922 2539 2002 peremptae
2567 1940 2786 1983 memo-

398 2001 568 2069 ribus
591 2002 1047 2081 circumventus,
1076 2008 1138 2066 et
1163 2001 1489 2066 innumeris
1517 2022 1668 2087 pene
1706 2000 2039 2087 pugionum
2066 1999 2285 2067 ictibus
2306 2001 2557 2068 obrutus
2606 2008 2788 2071 inter-

335 2145 340 2152 .
395 2090 594 2155 ficitur
637 2090 858 2155 frustra
904 2088 1160 2175 legionis
1215 2086 1466 2153 ducibus
1521 2088 1782 2153 militum
1838 2088 2026 2153 furori
2080 2088 2599 2175 reclamantibus.‡
2687 2093 2787 2159 Ita

397 2176 632 2243 Scotica
676 2176 834 2262 legio
885 2198 1132 2241 suorum
1185 2174 1560 2261 popularium
1605 2197 1812 2241 necem
1850 2176 1981 2240 ulta
2026 2176 2206 2241 finem
2264 2177 2405 2242 huic
2435 2176 2593 2244 bello
2622 2180 2781 2245 feeit.

395 2263 633 2330 Tironae
661 2286 800 2329 vero
828 2264 1196 2349 principatus
1209 2261 1370 2327 illico
1399 2261 1624 2348 reginae
1639 2264 1782 2327 fiseo
1811 2262 2105 2328 addicitur
2136 2284 2152 2321 ε
2198 2263 2303 2329 sed
2330 2264 2553 2331 frustra
2584 2294 2597 2331 :
2642 2290 2785 2333 nam

395 2350 564 2417 illam
619 2352 822 2417 statim
879 2354 1133 2436 occupat
1179 2348 1491 2415 Terentius
1520 2349 1836 2428 O'Nellus,
1868 2349 2023 2415 bello
2070 2350 2293 2415 fessum
2348 2354 2685 2438 magnaque
2712 2377 2787 2419 ex

439 2444 566 2502 erte
615 2438 1008 2503 devastatum.
1094 2435 1390 2501 Gaeterum
1417 2442 1622 2502 contra
1647 2437 2017 2515 Terentium,
2073 2436 2399 2523 Hugonem
2450 2438 2527 2503 O'
2531 2440 2593 2503 N
2597 2440 2781 2505 ellum

395 2459 724 2589 {ardorehi
771 2522 958 2588 filium
985 2523 1191 2607 regina
1233 2523 1462 2602 incitat,
1485 2522 1745 2608 adjuvat,
1796 2523 2037 2588 baronis
2063 2524 2341 2610 primum,
2382 2527 2617 2591 comitis
2630 2526 2785 2594 ‚inde

399 2608 594 2675 titulis
621 2616 814 2674 ornat.
905 2606 1088 2679 Quod
1107 2609 1355 2673 inferius
1377 2632 1414 2673 a
1439 2609 1612 2674 nobis
1633 2632 1744 2675 suo
1771 2610 1905 2675 loco
1922 2609 2309 2676 enarrabitur.
2322 2614 2349 2691 ΙΙ

1448 2898 1626 2965 CAP.
1675 2899 1791 2964 IV.

1181 3066 1268 3121 De
1293 3066 1508 3123 Comite
1537 3066 1970 3123 Glanriekardae.

403 3238 564 3304 Posi·
607 3238 649 3302 J
651 3238 903 3304 ohannis
932 3236 1078 3303 O’N
1080 3236 1180 3303 elli
1228 3238 1500 3304 miseram
1552 3238 1795 3319 coedem,
1856 3238 2189 3306 Richardus
2217 3240 2459 3308 Burkus
2487 3242 2789 3310 Clam-iek-

405 3326 562 3391 ardoe
611 3348 828 3405 comes,
877 3326 1048 3413 cujus
1089 3326 1237 3391 fines
1263 3326 1328 3391 in
1357 3324 1704 3392 Connachtfi
1732 3327 1931 3413 longe,
1962 3328 2195 3413 lateque
2235 3328 2538 3414 patebant,
2568 3333 2789 3417 reginae

403 3409 649 3563 {lueiffirio
661 3413 758 3561 ¹:in
816 3412 1485 3565 carepremndetruditu}
1500 3414 1558 3498 εξ
1587 3413 1667 3564 ἑθὰ
1696 3416 1855 3479 enim
1884 3415 2102 3567 Aggtllils
2112 3416 2568 3567 flammosfiQ
2611 3432 2789 3505 atque

403 3520 1703 3671 ...sessrffifflsigmffi‘sstfflemffinssa
1731 3522 1959 3652 &offis
1972 3526 2007 3567 ⁸
2047 3526 2791 3675 &offtisrffi‘iifflieii

403 3670 448 3734 J
449 3670 714 3735 ohannes
756 3670 976 3757 injuria
1017 3674 1318 3757 provocati
1345 3672 1566 3757 reginae
1613 3671 1839 3738 bellum
1866 3674 2139 3739 indicunt
2180 3698 2289 3741 nee
2331 3677 2588 3763 ineoepto
2630 3679 2797 3763 prius

409 3758 785 3837 destiterunt,
830 3779 1009 3842 quam
1054 3764 1223 3844 pater
1279 3758 1396 3825 fuit
1457 3758 1520 3823 in
1549 3760 1861 3847 pristinam
1888 3760 2222 3825 libertatem
2248 3764 2578 3827 restitutus.
2669 3765 2791 3836 Qui

402 3850 612 3933 postea
653 3842 912 3909 moriens
937 3843 1108 3908 illum
1155 3843 1590 3911 Olanriekardoe
1633 3847 1783 3911 comi
1791 3855 1930 3924 tem,
1973 3846 2135 3911 hune
2162 3846 2463 3914 Leitrimae
2506 3848 2789 3918 baronem

405 3931 753 4019 superstites
779 3928 1038 4016 reliquit.

476 4078 500 4105 ⁸
537 4076 614 4131 A.
640 4075 716 4131 D.
746 4074 882 4168 1ξ67
887 4110 902 4159 3
977 4073 1134 4131 Four
1161 4072 1420 4140 Mateta,
1442 4074 1565 4128 who
1586 4075 1759 4147 gives
1781 4074 1877 4129 lon
1938 4084 2174 4159 account
2199 4077 2264 4131 of
2279 4078 2374 4133 the
2399 4079 2589 4164 battle.
2631 4080 2785 4152 They

405 4144 1869 4301 “{‘}2¹²‡.3‚351‘2¹faffffssssffflgptlsskfftflffiz?
1930 4146 2180 4275 iffi?
2200 4150 2679 4285 ffiffiffissff‘tfss
2694 4223 2788 4278 th.

405 4289 714 4345 immediate
744 4304 907 4343 cause
931 4287 997 4341 of
1017 4286 1259 4342 O’Neil's
1281 4304 1428 4350 rum,
1452 4304 1584 4361 vary
1606 4288 1768 4343 much
1786 4288 1933 4342 stom
1958 4291 2052 4344 the
2072 4238 2237 4347 Irisgh.

477 4363 510 4429 ἵ
546 4364 619 4415 A.
647 4359 722 4414 D.
757 4358 1069 4419 maz-At
1095 4357 1444 4413 Gushendun.
1519 4358 1624 4413 See
1651 4358 2033 4415 O’Donovsn's
2068 4361 2223 4416 Four
2260 4363 2518 4429 Masters,
2540 4382 2596 4449 p.
2629 4368 2785 4420 1619.

477 4432 508 4500 ὅ
546 4430 906 4487 Clanrickard
916 4430 1108 4485 wasim
1145 4430 1531 4485 risonedtwiee
1549 4451 1564 4497 3
1585 4431 1707 4485 first
1722 4432 1777 4484 in
1807 4432 1964 4493 1572,
1977 4431 2174 4487 March
2190 4434 2252 4491 17
2254 4433 2381 4497 ‚but
2394 4453 2501 4489 was
2521 4435 2789 4491 hberated

413 4500 506 4555 the
553 4520 698 4557 same
741 4520 892 4587 ⁸year,
917 4502 1074 4556 when
1159 4500 1206 4555 is
1247 4518 1391 4563 sons,
1439 4501 1599 4555 aided
1643 4501 1714 4573 by
1759 4502 2152 4567 Fitzmaurice,
2194 4504 2304 4557 had
2343 4508 2489 4559 risen
2538 4508 2593 4560 in
2618 4524 2781 4563 arms.

409 4573 697 4645 Secondly,
739 4589 796 4627 in
851 4576 1004 4638 1576,
1027 4572 1172 4627 from
1218 4572 1390 4625 which
1410 4572 1542 4625 time
1567 4573 1635 4626 he
1658 4590 1767 4627 was
1793 4573 2043 4627 confined
2067 4574 2122 4628 in
2152 4574 2363 4629 Dublin
2403 4578 2509 4630 end
2533 4577 2785 4643 London‚

407 4644 549 4697 until
578 4647 732 4706 1582,
771 4644 926 4698 when
973 4645 1043 4699 he
1062 4661 1170 4698 was
1196 4642 1479 4699 libereted.
1551 4642 1643 4697 He
1691 4644 1817 4698 died
1841 4642 1936 4697 the
1959 4662 2105 4700 same
2138 4663 2287 4719 year,
2305 4647 2513 4720 shortly
2538 4648 2681 4703 aster
2704 4650 2787 4703 his

407 4720 602 4767 return
640 4714 784 4769 from
810 4714 1085 4787 England.
1157 4714 1264 4768 His
1299 4732 1423 4769 sons
1471 4714 1580 4769 had
1625 4714 1760 4769 been
1803 4716 1861 4768 in
1886 4732 2030 4771 arms
2070 4716 2269 4791 during
2292 4718 2477 4793 nearly
2503 4718 2595 4773 the
2614 4721 2788 4776 whole

409 4784 602 4854 period
626 4785 690 4840 of
718 4786 802 4839 his
826 4787 1485 4859 imprisonment.·-Four
1507 4786 1757 4841 Manen.

757 4860 838 4921 13

2813 2666 2956 2735 [su-1
