3634 5842
830 679 842 705 Ι

296 741 432 786 car.
481 721 629 804 v11.]
973 743 1058 786 m:
1102 741 1386 787 insama:
1431 742 1569 787 si'ru
1615 742 1692 786 ΕΤ
1735 741 2008 787 NATURA.
2614 723 2692 784 13

1299 981 1482 1046 CAP.
1527 981 1681 1047 VII.

299 1159 580 1214 Iber-niam
599 1175 715 1213 esse
739 1175 920 1212 arcem
946 1165 999 1211 et
1009 1157 1500 1229 propugnaculum,
1523 1159 1669 1212 unde
1693 1158 1923 1212 heretici
1950 1166 2178 1230 possunt
2205 1157 2489 1224 debellari,
2516 1165 2573 1211 et
2596 1157 2703 1212 alia

1008 1246 1181 1300 regna
1203 1229 1536 1294 conservari,
1562 1229 1993 1284 demonstratur.

393 1380 548 1454 Quae
575 1379 891 1446 retulimus
932 1379 1224 1444 hactenus
1254 1380 1330 1445 de
1358 1377 1616 1446 Iberniae
1645 1381 1787 1460 situ,
1836 1378 2153 1465 portubus,
2202 1379 2473 1460 lacubus,
2526 1381 2706 1466 sylvis

301 1475 365 1536 et
393 1467 751 1534 cibariorum
799 1464 1088 1546 ubertate,
1121 1488 1259 1532 cum
1286 1468 1375 1533 ita
1403 1468 1543 1546 sint,
1573 1474 1645 1532 ut
1672 1490 1784 1532 nos
1813 1467 2103 1553 scriptum
2148 1467 2514 1552 reliquimus,
2544 1467 2709 1532 haud

199 1607 207 1619 .
304 1555 558 1622 obscure
624 1552 689 1620 id
732 1553 1052 1640 colligitur,
1107 1553 1268 1640 quod
1331 1554 1536 1620 notius
1581 1554 1700 1620 fuit
1744 1554 1889 1620 olim
1958 1554 2245 1620 Romanis
2294 1553 2705 1620 obtinentibus

306 1664 630 1810 ffipfflmmunff
660 1647 1518 1794 efflrbisuntssffssffl'aoeqmm
1533 1641 2715 1815 ’13ῗὲοὲἓέῗέιὲῃὲῗὲἓῖᾚηξοὲεζῗ

307 1817 645 1895 tenti-ionis,
675 1813 836 1880 unde
864 1821 1074 1900 gentes
1095 1814 1224 1880 aliae'
1266 1814 1636 1880 Monarchiae
1693 1822 1755 1881 et
1783 1815 2107 1881 Catholicae
2150 1815 2481 1900 Religionis
2510 1816 2713 1882 hostes

313 1902 594 1969 debellari
623 1908 684 1968 et
734 1900 1011 1981 obtineri,
1062 1900 1236 1967 facile
1258 1909 1523 1987 possent.
1610 1902 1689 1968 Id
1719 1902 2136 1970 animadvertit
2179 1901 2383 1966 Julius
2411 1901 2712 1986 Agricola,

311 1991 406 2055 vir
455 1990 728 2055 militaris
757 1989 919 2068 artis,
952 1996 1130 2073 atque
1157 2010 1357 2053 rerum
1403 1988 2003 2055 administrandarum
2033 1989 2282 2055 scientia
2324 1989 2536 2068 clarus,
2565 2011 2715 2074 prae-

314 2078 508 2143 fectus
530 2099 566 2141 a
615 2076 900 2141 Romanis
920 2075 1296 2153 Brittannias,
1323 2097 1454 2160 quae
1485 2077 1747 2141 Scotiam
1785 2082 1847 2140 et
1874 2075 2159 2161 Angliam
2182 2075 2718 2162 comprehendit—

318 2163 616 2229 difficilius
645 2162 1016 2228 Britanniam
1047 2169 1108 2226 et
1137 2163 1316 2226 etiam
1337 2161 1592 2228 Galliam
1620 2185 1798 2248 posse
1820 2160 2017 2248 subigi
2046 2170 2108 2229 et
2152 2161 2427 2228 subactas
2454 2185 2717 2249 propug-

316 2251 469 2329 nari,
493 2249 737 2315 Ibernia
752 2272 877 2315 non
898 2248 1180 2329 obtenta3
1225 2250 1337 2314 hac
1364 2271 1505 2314 vero
1525 2256 1813 2335 occupata
1841 2270 1967 2315 non
1994 2255 2165 2315 tanto
2186 2250 2439 2336 negocio
2470 2249 2717 2328 domari,
2830 2254 2835 2261 '

320 2336 694 2421 domitasque
720 2335 927 2402 teneri.
1019 2335 1172 2407 Quae
1193 2335 1492 2420 Agricolas
1521 2337 1722 2422 opinio
1753 2342 1824 2401 ut
1850 2335 2065 2401 litteris
2085 2337 2365 2403 mandata
2385 2336 2722 2424 posteritati

321 2429 783 2502 consecraretur,
815 2422 999 2508 digna
1025 2423 1154 2488 visa
1197 2423 1314 2488 fuit
1341 2422 1618 2488 Cornelio
1645 2423 1875 2502 Tacit0,
1906 2424 2011 2508 qui
2040 2424 2339 2510 Agricolae
2364 2425 2569 2503 vitam,
2599 2445 2722 2488 res-

323 2533 441 2598 que
493 2515 692 2596 gestas
741 2509 1003 2574 scribens
1052 2510 1139 2575 ita
1182 2510 1381 2574 refert.
1487 2515 1530 2545 “
1559 2508 1790 2580 Quinto
1850 2509 2298 2594 expeditionum
2355 2533 2533 2589 annu,
2584 2509 2725 2575 navi

321 2598 588 2686 primum
615 2601 1018 2680 transgressus
1071 2595 1320 2677 (seilicet
1347 2596 1656 2681 Agricola)
1688 2597 1929 2682 ignotas
1971 2596 2047 2661 ad
2092 2596 2157 2661 id
2206 2603 2443 2682 tempus
2494 2603 2723 2682 gentes,

325 2682 551 2750 crebris
609 2681 788 2746 simul
830 2705 898 2746 ac
946 2683 1242 2768 prosperis
1269 2683 1488 2767 praeliis
1532 2682 1785 2763 domuit,
1834 2703 2081 2766 eamque
2131 2689 2358 2768 partem
2398 2683 2727 2749 Britanniae

373 2793 470 2836 uae
499 2769 802 2834 Iberniam
853 2769 1083 2853 aspicit,
1137 2769 1324 2854 copiis
1353 2769 1655 2848 iustruxit,
1701 2770 1764 2834 in
1808 2790 1977 2854 spem
1998 2771 2189 2854 magis
2211 2782 2388 2854 quam
2417 2768 2496 2834 ob
2524 2770 2727 2834 formi-

330 2795 570 2924 dinem:
637 2854 934 2940 siquidem
962 2853 1204 2920 Ibernia
1253 2854 1451 2920 medio
1499 2856 1657 2920 inter
1709 2855 2087 2920 Britanniam
2132 2861 2312 2940 atquo
2364 2855 2729 2941 Hispaniam

330 2945 448 3010 sita
493 2950 555 3009 et
599 2941 832 3008 Gallico
877 2963 1114 3028 quoque
1142 2942 1292 3008 mari
1341 2949 1679 3028 opportuna
1727 2942 2191 3008 valentissimam
2220 2942 2454 3028 imperii
2498 2949 2730 3028 partem

331 3031 568 3117 magnis
595 3030 854 3094 invicem
903 3027 1114 3094 usibus
1141 3029 1465 3094 miscuerit.
1557 3029 1839 3115 Spacium
1882 3029 2029 3116 ejus,
2062 3029 2115 3095 si
2134 3029 2464 3096 Britanniae
2494 3053 2735 3117 compa-

331 3125 518 3196 retur,
570 3117 903 3204 angustius,
955 3117 1147 3180 nostri
1191 3116 1370 3182 maris
1399 3114 1626 3182 insulas
1665 3123 1924 3203 superat.
2036 3115 2265 3196 Solum,
2297 3115 2630 3203 coelumque
2672 3123 2735 3184 et

332 3205 598 3358 ingenia,
619 3204 815 3270 cultus
825 3225 942 3288 que
963 3201 1274 3268 hominum
1312 3201 1474 3303 haud
1512 3203 1770 3304 multum
1800 3227 1837 3270 a
1857 3203 2173 3304 Britannia
2189 3203 2491 3283 differunt,
2520 3204 2735 3270 melius

338 3300 606 3466 ..1223
607 3297 900 3444 3333&
917 3296 1588 3476 ῗέἔωέᾞέἱῖἰᾚηῖζὲ
1587 3297 2233 3464 θέἒῶῗὲἳῃῗῖἒὲὲῗὲ
2310 3293 2461 3457 255¹
2453 3314 2533 3444 5:2²
2532 3291 2737 3464 181,θίἲὲ

342 3465 618 3534 amicitiae
657 3465 724 3530 in
766 3485 1132 3530 occasionem
1175 3464 1488 3530 retinebat.
1565 3465 1660 3530 Sae
1779 3487 1855 3530 ex
1882 3488 1954 3530 eo
2004 3465 2207 3530 audivi
2258 3467 2469 3550 egione
2510 3487 2633 3532 una
2676 3473 2739 3530 et

341 3551 594 3617 modicis
621 3550 856 3616 auxiliis
894 3548 1192 3630 debellari,
1223 3551 1594 3636 obtinerique
1633 3552 1668 3617 1
1741 3553 1933 3618 rriiam
1971 3573 2181 3638 posse3
2224 3551 2405 3637 idque
2427 3552 2605 3616 etiam
2635 3551 2737 3616 ad-

341 3660 550 3704 versus
577 3638 950 3704 Britanniam
985 3638 1388 3722 profuturum.
1431 3639 1482 3702 si
1510 3638 1780 3706 Romana
1805 3637 2031 3723 ubique
2050 3659 2231 3716 arma,
2254 3644 2316 3702 et
2342 3637 2509 3702 velut
2538 3660 2571 3702 e
2598 3660 2739 3703 con-

347 3731 560 3812 spectu
585 3725 828 3790 libertas
857 3723 1227 3790 tolleretur.”
1317 3724 1470 3790 Haec
1495 3724 1616 3792 ille.

437 3811 734 3878 Caeterum
772 3832 912 3876 cum
955 3809 1210 3876 Romani
1240 3809 1542 3876 Iberniam
1557 3811 1621 3875 in
1651 3833 1819 3874 suam
1848 3814 2205 3895 potestatem
2232 3831 2359 3874 non
2384 3809 2744 3896 redegerint,

347 3898 514 3966 haud
563 3899 668 3964 diu
718 3898 1078 3963 Brittaniam
1117 3903 1446 3982 potuerunt
1503 3898 1814 3975 sustinere,
1869 3895 2103 3962 auxiliis
2147 3917 2219 3960 ex
2262 3895 2507 3962 Ibernia
2546 3898 2743 3964 missis

350 3986 532 4072 pulsi,
564 3993 636 4052 ut
665 3984 876 4052 Gildas
905 3984 1140 4068 sapiens
1157 3991 1220 4048 et
1246 3982 1598 4048 venerabilis
1625 3983 1965 4048 Monachus
1986 3982 2154 4048 Beda
2173 3990 2317 4048 sunt
2360 3985 2655 4050 authores.

441 4071 616 4138 Idem
665 4095 805 4137 vero
835 4079 1014 4157 atque
1043 4071 1326 4156 Agricola
1353 4071 1540 4136 sensit
1556 4071 1735 4136 homo
1765 4070 2179 4136 callidissimus
2208 4069 2507 4138 Robertus
2536 4071 2745 4137 Coecil-

353 4161 474 4226 lius
502 4181 700 4226 comes
753 4159 984 4237 Sarum,
1016 4157 1254 4244 Angliae
1297 4159 1519 4244 reginae
1541 4157 1929 4236 consiliariuS‚
1962 4163 2023 4222 et
2064 4156 2337 4242 pluribus
2366 4157 2640 4244 probavit
2683 4159 2747 4224 in

360 4271 434 4312 eo
460 4246 684 4326 libelle,
707 4268 884 4332 quem
915 4243 989 4310 de
1019 4243 1264 4310 Iberuia
1289 4244 1660 4324 sustinenda,
1691 4250 1752 4310 et
1777 4244 1991 4311 incolis
2011 4251 2191 4329 atque
2218 4243 2505 4329 religione
2532 4243 2749 4310 Catho-

356 4335 474 4400 lica
502 4333 768 4400 delendis
791 4333 1078 4419 scriptum
1107 4353 1290 4396 manu
1318 4332 1575 4417 reliquit.

448 4420 568 4486 Sed
597 4419 738 4506 quid
770 4417 1230 4487 authoritatibus
1258 4441 1410 4505 opus
1439 4425 1550 4497 est,
1579 4417 1688 4483 ubi
1713 4419 1865 4482 ratio
1892 4417 2370 4482 manifestissime
2396 4417 2750 4503 persua-dit?

361 4508 634 4594 Anglicis
663 4516 724 4573 et
769 4507 1030 4592 Belgicis
1058 4505 1312 4572 navibus
1380 4527 1475 4570 uae
1501 4507 1568 4570 in
1595 4505 1919 4570 occidentis
1948 4502 2157 4568 Indias
2184 4504 2379 4570 solent
2404 4505 2596 4571 facere
2625 4507 2753 4572 vela

363 4619 434 4660 ca
475 4616 572 4660 ere
601 4601 996 4668 mercatorum
1032 4616 1214 4659 naves
1242 4599 1304 4658 et
1382 4591 1624 4658 atholici
1640 4592 1796 4677 regis
1828 4590 1997 4656 classi
2015 4591 2359 4658 thesaurum
2380 4592 2617 4658 vehenti
2660 4593 2751 4659 in-

365 4681 418 4746 si
459 4681 590 4761 iari,
641 4703 710 4748 ac
741 4681 919 4746 etiam
959 4681 1024 4745 in
1052 4680 1232 4748 India
1259 4680 1428 4746 sedes
1469 4700 1777 4763 occupare,
1809 4678 1913 4762 qui
1941 4676 2183 4743 Ibernia
2212 4680 2533 4764 potiretur,
2553 4701 2753 4746 meau-

367 4768 534 4861 tibus
553 4768 650 4836 vel
677 4765 1082 4835 remeantibus
1105 4767 1412 4836 commode
1441 4773 1642 4853 posset
1671 4786 1977 4832 occurrere
2005 4766 2231 4852 vegetis
2259 4774 2321 4834 et
2347 4767 2595 4854 integris
2617 4768 2757 4840 viri-
