3634 5842
677 1713 851 1784 [2070]

877 699 1006 761 268
1254 700 1260 713 “
1309 695 1730 761 o'SULanAm
1769 712 2089 759 msa-enm
2118 712 2507 772 cxi-nouom,
2548 712 2698 757 rou.
2744 711 2833 756 w.
3018 692 3177 776 [us.
3212 712 3259 757 1.

870 866 1087 923 eosdem
1109 874 1316 921 temere
1340 865 1642 938 divulgato,
1661 872 1720 920 et
1743 864 2005 937 dissipato
2027 865 2110 919 ita
2128 865 2384 937 deceptos
2406 882 2541 927 esse,
2564 870 2630 917 ut
2654 863 2964 919 existiment
2987 880 3089 917 nos
3110 864 3261 917 illins

870 937 1154 1009 opinionis,
1179 945 1236 989 et
1257 936 1462 1007 ingenii
1486 954 1620 1002 esse,
1643 944 1709 991 ut
1757 936 1835 990 eis
1869 936 2150 1008 religionis
2188 936 2465 1007 optionem
2505 934 2827 999 faceremus,
2868 952 2966 989 seu
3004 934 3260 991 daremus

870 1008 1212 1063 conscientiae
1251 1007 1582 1071 libertatem,
1625 1006 1835 1062 scilicet
1872 1007 2182 1061 libertatem
2206 1007 2437 1079 legibus,
2470 1014 2633 1078 atque
2656 1006 2877 1061 statutis
2899 1006 3061 1059 istius
3081 1006 3261 1079 regni,

869 1088 1036 1151 atque
1059 1078 1197 1132 adeo
1220 1078 1500 1150 religionis
1525 1078 1853 1141 concordias,
1878 1096 2041 1149 quam
2078 1096 2179 1132 nos
2222 1096 2435 1149 semper
2460 1085 2775 1131 constanter
2796 1076 3027 1161 professi
3052 1095 3260 1142 sumus,

869 1149 1232 1204 contrariam:
1273 1167 1445 1220 eoque
1469 1150 1723 1204 effectum
1748 1166 1883 1213 esse,
1906 1157 1972 1203 ut
2008 1168 2119 1204 non
2154 1149 2333 1203 solum
2373 1166 2474 1203 nos
2514 1148 2957 1220 negligentiores,
2982 1154 3039 1201 et
3080 1148 3261 1203 minus

867 1220 1068 1276 soliciti
1097 1218 1410 1290 judicemur
1452 1221 1509 1275 in
1545 1220 2035 1283 administratione,
2072 1228 2187 1275 tam
2228 1220 2493 1275 Ibernieae
2530 1220 2815 1283 Ecclesiae,
2840 1236 3003 1291 quam
3026 1219 3263 1273 aliarum

866 1292 1258 1357 Ecclesium,
1281 1310 1514 1363 quarum
1536 1309 1791 1363 suprema
1813 1310 1951 1345 cura
1970 1292 2126 1346 nobis
2148 1291 2447 1346 incumbit:
2486 1292 2583 1345 sed
2604 1292 2769 1345 etiam
2804 1290 3111 1361 complures
3135 1290 3261 1344 sub-

871 1362 1114 1419 ditorum
1137 1370 1453 1417 nostrorum
1476 1363 1535 1416 in
1557 1362 1663 1417 isto
1687 1380 1860 1447 regno
1896 1362 2017 1432 jam
2039 1362 2269 1417 firmiter
2312 1362 2492 1416 animo
2518 1362 2871 1424 constituant,
2895 1370 2953 1417 et
2977 1368 3263 1427 conentur,

869 1434 928 1497 in
952 1434 1054 1488 hac
1079 1434 1458 1517 superstitiosa
1481 1442 1825 1488 contumacia
1846 1451 2197 1505 permanere:
2218 1440 2382 1505 atque
2400 1433 2439 1489 J
2440 1434 2643 1497 esuitoe,
2671 1432 3041 1487 Seminaristae
3069 1430 3263 1487 Sacer-

872 1506 1049 1571 dotes,
1075 1504 1275 1576 aliique
1300 1505 1644 1568 Sacerdotes,
1668 1513 1725 1559 et
1749 1504 1988 1577 episcopi
2012 1505 2188 1559 aliena
2210 1512 2483 1576 potestate
2497 1504 2753 1567 instituti,
2816 1504 2873 1557 ui
2896 1522 2996 1587 per
3020 1503 3260 1557 diversas

871 1575 1030 1649 regni
1052 1582 1236 1648 partes
1261 1576 1318 1629 in
1341 1576 1567 1631 latebris
1590 1577 1853 1631 hactenus
1895 1576 2251 1639 delituerunt,
2292 1574 2437 1630 nunc
2478 1575 2700 1631 tandem
2724 1593 2797 1628 au
2899 1592 3003 1638 ius,
3026 1584 3085 1629 et
3106 1592 3261 1629 arro·

871 1647 1092 1720 gentius
1133 1656 1490 1719 emergentes,
1527 1664 1693 1718 seque
1728 1646 2025 1716 jactantes,
2065 1646 2265 1703 ritibus
2305 1647 2417 1701 suis
2458 1654 2723 1715 utantur3
2762 1663 2862 1701 nos
2886 1653 3089 1709 autem,
3113 1645 3261 1717 leges

872 1726 1106 1782 nostras,
1132 1718 1559 1803 religionemque
1577 1726 1929 1773 contemnant
1948 1720 1988 1787 :ss
2024 1726 2319 1803 propterea
2340 1717 2496 1773 nobis
2520 1717 2738 1801 quidem
2762 1717 2937 1771 visum
2960 1725 3061 1781 est,
3089 1717 3262 1771 omni-

871 1790 975 1844 bus
1001 1790 1214 1845 dilectis
1237 1790 1441 1844 nostris
1479 1807 1537 1843 1n
1575 1789 1799 1843 Ibernia
1840 1789 2073 1843 subditis
2095 1789 2419 1862 patefacere,
2438 1797 2494 1842 et
2516 1788 2841 1861 significa-re,
2864 1787 2998 1841 nihil
3021 1804 3260 1858 unquam

873 1862 932 1915 in
971 1868 1254 1931 posterum
1291 1860 1584 1915 admittere
1621 1861 1750 1925 tale,
1790 1860 1949 1931 quale
1992 1860 2171 1931 (justa
2206 1860 2593 1933 indignationis
2616 1862 2811 1929 causa)
2836 1876 2902 1912 eo
2925 1875 3167 1921 rumore,
3192 1858 3261 1911 ab

874 1930 1228 2003 ejusdemque
1250 1932 1489 1986 rumoris
1513 1931 1833 1985 auctoribus
1874 1931 2281 1995 circumfertur,
2306 1932 2391 1985 vel
2415 1949 2523 2002 quo
2548 1930 2720 2002 possit
2740 1930 2937 2001 aliquis
2958 1946 3109 2015 spem
3132 1946 3263 1984 con·

874 2003 1076 2074 cipere,
1103 2012 1161 2056 et
1182 2002 1383 2057 habere
1400 2002 1697 2057 toleratum
1719 2002 1790 2055 iri
1813 2001 1979 2057 aliam
2013 2002 2115 2057 reli
2156 2002 2350 2069 ionem,
2374 2020 2536 2074 quam
2560 2020 2679 2073 quae
2702 2000 2870 2055 verbo
2894 2000 3002 2054 Dei
3026 2008 3111 2054 est
3132 2018 3261 2055 con-

875 2091 1027 2137 sona,
1051 2073 1332 2143 nostrique
1353 2073 1512 2144 regni
1533 2072 1746 2145 legibus
1769 2073 2028 2127 stabilita.
2138 2081 2303 2145 taque
2336 2074 2684 2144 praesentium
2724 2073 3011 2126 literarum
3035 2070 3263 2125 oraculo

876 2145 1117 2199 animum
1141 2152 1410 2207 nostrum,
1445 2152 1610 2215 atque
1633 2144 1970 2199 voluntatem
1996 2144 2243 2197 omnibus
2286 2144 2487 2197 nostris
2510 2144 2568 2197 in
2588 2144 2696 2199 isto
2720 2160 2892 2215 regno
2917 2142 3147 2197 subditis
3166 2160 3263 2216 ex·

875 2215 1192 2285 pandentes,
1217 2214 1410 2267 stricte
1433 2214 1790 2286 praecipimus,
1809 2223 1867 2268 et
1889 2215 1963 2268 im
2004 2232 2235 2280 eramus,
2258 2224 2323 2268 ut
2344 2222 2469 2285 post
2491 2215 2592 2269 hac
2608 2232 2811 2278 omnes,
2835 2221 2893 2267 et
2914 2214 3115 2285 singuli
3138 2230 3261 2268 suas

873 2285 1215 2356 parochiales
1237 2285 1507 2349 ecclesias,
1533 2293 1631 2339 aut
1671 2285 1906 2369 capellas
2000 2292 2311 2356 equentent,
2336 2293 2394 2340 et
2416 2286 2549 2339 inibi
2584 2285 2762 2340 officia
2782 2284 2982 2351 divina,
3002 2284 3263 2356 verbique

875 2356 1265 2428 expositionem
1307 2356 1557 2409 omnibus
1601 2356 1903 2419 dominicis,
1944 2355 2169 2428 aliisque
2192 2357 2345 2411 festis
2379 2356 2570 2411 diebus
2593 2356 2903 2411 auscultent
2915 2356 3083 2426 juxta
3100 2374 3263 2428 regu-

873 2427 1005 2493 lam,
1031 2435 1089 2481 et
1111 2434 1348 2481 mentem
1370 2427 1574 2498 legum,
1596 2428 2046 2498 sanctionumque
2067 2435 2399 2495 nostrarum,
2422 2428 2663 2499 alioquin
2684 2426 2743 2481 in
2766 2444 2955 2499 poenas,
2978 2435 3037 2481 et
3060 2428 3263 2481 coerci-

877 2515 1169 2623 onesiaquae
1194 2497 1355 2552 dictis
1379 2499 1600 2553 statutis
1625 2498 1994 2563 continentur,
2020 2516 2259 2573 quasque
2281 2499 2468 2571 rigore
2492 2498 2831 2571 exequendas
2854 2515 2971 2553 esse
2993 2497 3261 2561 volumus,

876 2570 984 2623 inci
1095 2576 1138 2623 t.
2724 2580 2734 2589 ‘

951 2640 1092 2695 Cum
1115 2640 1189 2695 sit
1211 2640 1376 2695 etiam
1399 2641 1555 2695 nobis
1577 2640 1943 2711 exploratum,
1966 2640 2169 2695 multos
2208 2638 2470 2704 Jesuitas,
2510 2640 2894 2696 Seminaristas
2934 2640 3264 2702 sacerdotes,

874 2711 1118 2783 aliosque
1141 2713 1472 2776 sacerdotes,
1495 2712 1826 2767 auctoritate
1852 2710 2028 2769 aliena
2049 2712 2423 2784 inauguratos,
2446 2730 2545 2783 per
2566 2711 2709 2766 idem
2746 2728 2979 2783 regnum
3000 2711 3109 2765 huc
3131 2712 3263 2765 illuc

877 2782 1216 2855 divagantes,
1237 2801 1345 2837 non
1371 2784 1548 2838 solum
1574 2783 1632 2837 id
1655 2782 1958 2846 intendere,
1998 2792 2063 2837 ut
2104 2783 2350 2837 subditos
2374 2791 2590 2837 nostros
2614 2783 2687 2837 ad
2709 2783 3115 2853 superstitiosas
3136 2800 3265 2837 suas

881 2854 1247 2910 Gaeremonias
1261 2855 1662 2925 amplectendas
1677 2855 1958 2921 seducant,
1971 2855 2067 2909 sed
2081 2855 2245 2909 etiam
2264 2855 2499 2927 maligne
2514 2854 2831 2917 machinari,
2844 2854 3113 2938 quomodo
3129 2854 3265 2908 etab

880 2925 1057 2980 officio
1083 2943 1175 2979 eos
1199 2933 1468 2987 avertant,
1494 2926 1776 2979 studentes
1799 2935 1915 2979 tam
1950 2926 2288 2997 religionem,
2315 2942 2475 2996 quam
2500 2925 2715 2979 civilem
2738 2924 3262 2979 administrationem

879 3005 1124 3050 nostram
1165 2996 1274 3049 illis
1315 2996 1644 3069 improbare,
1685 2996 1896 3067 sibique
1934 2996 2135 3059 litium,
2160 3003 2218 3050 et
2254 3014 2541 3051 causarum
2566 2995 3003 3050 conciliationem
3052 2996 3263 3066 adjudi-

881 3074 1066 3120 cantes
1091 3074 1205 3121 tam
1228 3075 1356 3121 ante
1380 3084 1541 3138 quam
1565 3075 1691 3139 post
1733 3067 2037 3121 definitivas
2072 3068 2129 3121 in
2152 3067 2355 3122 nostris
2390 3068 2556 3121 curiis
2579 3067 2721 3121 latas
2744 3068 3054 3123 sententias.
3130 3066 3263 3121 Ideo

883 3138 1242 3203 declaramus,
1283 3138 1574 3201 sancimus,
1621 3145 1785 3209 atque
1826 3138 2256 3210 promulgamus,
2298 3138 2635 3193 voluntatem
2675 3144 2923 3192 nostram
2964 3138 3173 3209 regiam
3208 3148 3267 3192 et

881 3207 1147 3279 placitum
1171 3224 1306 3274 esse,
1331 3216 1396 3262 ut
1414 3226 1600 3262 omnes
1622 3207 1661 3263 J
1663 3208 1868 3272 esuitae,
1892 3209 2247 3263 seminaristae
2270 3209 2600 3273 sacerdotes,
2615 3215 2674 3263 et
2698 3209 2789 3262 alii
2814 3210 3125 3263 sacerdotes
3150 3210 3269 3281 qui-

885 3296 1137 3349 cumque,
1163 3278 1352 3341 creati,
1378 3286 1435 3332 et
1476 3278 1678 3332 initiati
1720 3280 2052 3333 auctoritate
2096 3279 2361 3344 derivata,
2398 3298 2497 3335 seu
2535 3280 3041 3351 quomodocumque
3065 3298 3100 3333 a
3126 3280 3269 3335 Sede

885 3350 1160 3412 Romana,
1183 3357 1310 3404 ante
1335 3350 1478 3403 diem
1503 3348 1774 3404 decimum
1816 3350 2138 3405 Decembris
2162 3351 2409 3421 proxime
2428 3370 2487 3405 se
2523 3352 2701 3405 uentis
2724 3369 2793 3404 ex
2818 3351 2923 3405 isto
2947 3359 3139 3406 nostro
3166 3351 3269 3405 Hi-

883 3420 1088 3475 berniae
1110 3438 1284 3491 regno
1309 3420 1590 3475 discedant
1610 3442 1627 3487 ς
1667 3438 1766 3474 nec
1789 3420 1849 3475 in
1870 3428 2153 3493 posterum
2177 3422 2246 3475 ab
2268 3422 2460 3475 eodem
2522 3422 2694 3476 ecimo
2720 3422 3042 3476 Decembris
3068 3422 3155 3477 die
3173 3423 3271 3477 ulli

881 3491 922 3546 J
923 3492 1128 3556 esuitae,
1153 3492 1506 3547 seminar-istas
1529 3492 1860 3556 sacerdotes,
1884 3500 1983 3547 aut
2008 3492 2099 3567 alij
2124 3493 2453 3557 sacerdotes,
2477 3494 2809 3547 auctoritate
2832 3493 3009 3547 aliena
3030 3494 3274 3565 promoti

884 3564 956 3618 ad
979 3580 1163 3617 sacros
1189 3563 1426 3631 ordines,
1451 3564 1510 3617 in
1533 3570 1899 3621 memoratum
1936 3572 2189 3619 nostrum
2223 3581 2455 3636 regnum
2477 3571 2859 3621 revertantur:
2899 3565 3007 3619 alio
3044 3564 3140 3619 uin
3164 3566 3271 3621 illis

882 3634 1293 3706 indignationis,
1318 3642 1375 3689 et
1397 3635 1494 3689 irae
1513 3641 1716 3689 nostrae
1750 3654 1933 3706 pamm,
1957 3635 2183 3707 aliaeque
2206 3653 2388 3706 paenoe,
2414 3643 2472 3690 et
2496 3636 2871 3699 coercitiones,
2896 3654 3017 3708 quse
3062 3637 3272 3721 egibus,

883 3714 941 3759 et
965 3706 1186 3760 statutis
1210 3706 1367 3760 istius
1389 3706 1547 3777 regni
1588 3715 1837 3777 possunt,
1880 3714 1936 3760 et
1960 3705 2161 3760 debent
2182 3706 2376 3778 infligi,
2401 3706 2736 3779 irrogentur.
2813 3706 3047 3779 Insuper
3070 3709 3273 3763 eisdem

883 3778 1076 3831 stricte
1094 3778 1399 3831 inhibemus
1424 3776 1690 3841 omnibus,
1717 3786 1774 3831 et
1797 3777 2025 3849 singulis
2049 3779 2105 3830 in
2130 3778 2235 3831 isto
2254 3795 2425 3849 regno
2442 3778 2673 3831 subditis
2689 3778 2953 3849 recipere,
2972 3786 3071 3833 aut
3086 3778 3275 3835 fovere

881 3866 1252 3921 quoscumque
1275 3848 1314 3901 J
1315 3849 1535 3912 esuitas,
1559 3848 1927 3903 seminaristas
1950 3849 2279 3911 sacerdotes,
2304 3857 2361 3903 et
2384 3848 2519 3904 alios
2542 3849 2873 3913 sacerdotes,
2896 3850 2992 3933 qui
3088 3858 3141 3905 st
3164 3852 3274 3905 dic·

881 3927 1001 3973 tum
1028 3920 1171 3973 diem
1195 3920 1466 3976 decimum
1491 3919 1814 3975 Decembris
1839 3920 1924 3974 vel
1949 3920 2005 3973 in
2042 3920 2148 3974 isto
2172 3937 2344 3991 regno
2368 3920 2785 3990 permanserint,
2808 3919 2895 3973 vel
2918 3938 2973 3973 m
2999 3921 3016 3974 i
3060 3922 3155 3986 ud,
3178 3930 3276 3977 aut

879 3990 951 4116 ini
963 3990 1201 4062 aliquam
1242 3990 1389 4045 illius
1421 3999 1635 4062 partem
1679 3992 1857 4047 denuo
1896 3990 2196 4047 rediverint
2239 3998 2435 4045 contra
2468 3992 2757 4063 imperium
2791 3992 3075 4062 praesentis
3099 3995 3275 4049 nostri

881 4080 912 4115 e
953 4062 1069 4115 icti.

961 4133 1108 4197 Quin
1151 4132 1316 4186 etiam
1358 4131 1404 4186 si
1447 4132 1520 4186 ali
1560 4132 1616 4185 ui
1657 4132 1698 4187 J
1697 4132 1904 4196 esuitae,
1930 4132 2283 4187 seminaristae
2318 4132 2646 4195 sacerdotes,
2670 4140 2766 4187 aut
2792 4132 2885 4186 alii
2908 4134 3218 4189 sacerdotes
3242 4156 3277 4189 a

885 4204 1036 4259 dicto
1063 4205 1150 4258 die
1175 4204 1496 4258 Decembris
1521 4150 1730 4257 decimo
1755 4212 1948 4274 sponte
1973 4204 2029 4256 in
2055 4205 2160 4258 isto
2182 4221 2357 4287 regno
2380 4204 2696 4269 manserint,
2720 4211 2821 4258 aut
2838 4203 3079 4269 adillud,
3102 4207 3278 4261 velad

884 4275 1124 4347 aliquam
1149 4275 1266 4345 ejus
1289 4282 1502 4346 partem
1517 4274 1900 4338 remeaverint,
1915 4284 2013 4328 aut
2036 4276 2082 4327 si
2108 4274 2275 4347 aliqui
2300 4293 2367 4330 ex
2393 4274 2552 4329 dictis
2576 4274 2779 4331 nostris
2802 4274 3035 4330 subditis
3056 4278 3279 4333 eosdem

885 4347 1215 4410 sacerdotes,
1240 4354 1337 4399 aut
1359 4345 1618 4409 Jesuitas,
1643 4345 1700 4399 in
1724 4345 1889 4399 hu'us
1923 4346 2099 4400 nostri
2142 4346 2350 4403 decreti
2388 4353 2780 4418 contemptum,
2818 4346 3153 4417 exceperint,
3178 4359 3279 4405 aut

885 4418 1251 4488 protexerint,
1292 4416 1664 4489 expandimus,
1702 4424 1789 4470 sta
1826 4417 2025 4484 nimus,
2070 4425 2126 4471 et
2157 4416 2436 4487 jubemuS,
2474 4426 2539 4471 ut
2555 4446 2558 4449 ·
2576 4424 2710 4471 tunc
2752 4434 2957 4481 omnes,
2982 4425 3041 4471 et
3074 4419 3278 4492 singuli

887 4490 1064 4543 nostri
1107 4496 1389 4559 praetores,
1431 4488 1693 4559 praefecti,
1730 4486 1966 4558 judices,
2008 4488 2251 4557 lictores,
2294 4488 2674 4551 comistabiles,
2716 4488 2915 4558 aliique
2950 4487 3046 4543 fidi
3070 4490 3277 4547 subditi

888 4575 1100 4613 summa
1136 4560 1232 4614 dili
1303 4562 1422 4615 ntia
1460 4559 1777 4614 incumbant
1816 4560 1889 4613 ad
1929 4560 2251 4631 capiendum
2292 4576 2543 4630 corpora,
2570 4559 2656 4613 vel
2692 4576 2891 4631 corpus
2932 4560 3195 4627 omnium,
3220 4571 3277 4619 et

889 4628 1230 4701 singulorum
1285 4631 1603 4694 esuitarum,
1615 4630 2187 4703 seminat-istarumque
2205 4631 2567 4693 sacerdotum,
2586 4638 2643 4684 et
2656 4630 2889 4684 aliorum
2907 4634 3278 4698 sacerdotum,

889 4704 1118 4755 externa
1131 4708 1402 4771 potestate
1421 4702 1802 4774 insignitorum
1820 4722 1837 4770 ς
1865 4718 2223 4773 corporaque,
2248 4702 2330 4757 vel
2350 4718 2548 4773 corpus
2564 4701 3043 4771 deprehensorum,
3058 4707 3277 4761 eosdem

891 4771 1268 4843 deprehensos,
1293 4780 1348 4829 et
1373 4790 1562 4829 eorum
1587 4773 1847 4845 singulos,
1876 4774 1932 4827 in
1956 4781 2123 4838 tutos,
2144 4782 2305 4845 atque
2326 4773 2491 4831 duros
2512 4790 2757 4829 carceres
2774 4772 3089 4841 detrudant,
3106 4774 3279 4833 donec
