3634 5842
437 794 572 838 car.
619 774 798 859 vnn]
1151 798 1234 841 na
1279 796 1480 845 annno
1525 794 1893 847 aurnnsscm
1936 796 2268 845 annontui.
2693 783 2813 845 161

435 944 710 1031 praesidio
740 946 1130 1034 Binghamus,
1165 952 1217 1015 &z
1244 950 1476 1037 Bagnal
1525 948 1791 1015 celeriter
1836 954 2233 1031 revertuntur,
2262 974 2398 1017 cum
2426 952 2648 1017 Tirone
2698 955 2817 1020 iam

432 1032 788 1204 ἓίιξξὲῗῂῐὲξῧ,
821 1042 952 1101 tum
981 1036 1403 1117 O’Donellum,
1437 1039 1489 1103 a
1517 1035 1658 1102 Mac
1676 1036 1959 1103 Guierem
1974 1035 2298 1123 majoribus
2316 1039 2501 1125 copiis
2530 1040 2817 1107 refectum
2838 1114 3015 1183 [ιη]

1397 1608 1580 1675 CAP.
1625 1608 1814 1675 VIII.

475 1773 810 1829 O'Donellus
833 1773 1202 1831 Iniskillenam
1227 1774 1456 1841 obsidet,
1480 1774 1616 1829 etin
1643 1774 1965 1847 Hispaniam
1988 1776 2231 1847 legatum
2274 1778 2446 1833 mittit
2472 1778 2743 1835 Catholici

1213 1845 1360 1917 regis
1383 1862 1541 1917 opem
1563 1846 1960 1919 efflagitatuml!
1984 1922 1991 1927 ,
2829 1864 3008 1933 [128]

419 2014 582 2080 Posr
630 2015 928 2101 regiorum
987 2012 1357 2080 exercituum
1412 2011 1674 2078 reditum
1731 2012 2103 2079 O’Donellus
2160 2012 2327 2079 illato
2385 2014 2526 2081 Mac
2576 2016 2803 2097 Guieri,

419 2100 656 2181 damno,
685 2102 792 2167 sed
817 2099 1073 2167 maxime
1119 2122 1350 2180 senum,
1382 2122 1701 2185 puerorum
1743 2106 1806 2165 et
1848 2100 2218 2165 faeminarum
2266 2101 2491 2167 crudeli
2520 2102 2688 2169 clade
2713 2105 2806 2169 in-

419 2187 698 2275 dignatus
725 2188 953 2255 nullam
980 2187 1308 2253 ulciscendi
1334 2210 1563 2252 moram
1603 2186 1794 2252 facere
1838 2193 2125 2264 statuerim
2158 2186 2235 2251 ad
2263 2186 2619 2255 Iniskillinae
2648 2190 2807 2258 obsi-

417 2274 673 2355 dionem,
705 2282 765 2341 et
795 2275 1302 2362 oppugnationem
1332 2296 1460 2339 sese
1487 2273 1731 2338 vertitfl‘·
1793 2272 1908 2338 Oui
1933 2272 2093 2358 quod
2121 2296 2284 2339 aenea
2310 2275 2800 2356 machinamenta,

419 2362 644 2447 quibus
695 2384 798 2427 arx
851 2368 1194 2447 quateretur
1243 2361 1503 2439 deerant,
1533 2358 1637 2425 illa
1663 2360 1734 2425 eb
1764 2360 1995 2425 facilius
2038 2359 2112 2425 ab
2149 2360 2365 2447 Anglis
2436 2362 2807 2450 ropugnaba-

413 2456 532 2513 tur.
623 2448 805 2520 Quod
835 2448 1206 2514 O’Doneilus
1234 2446 1706 2513 animadvertens
1735 2452 1796 2511 et
1834 2468 2036 2512 secum
2063 2454 2347 2533 reputans
2376 2384 2612 2515 difficile
2640 2453 2805 2517 factu

413 2556 544 2601 esse
571 2542 642 2599 ut
671 2534 913 2600 Ibernia
940 2540 1002 2599 et
1028 2534 1334 2599 Catholiea
1377 2533 1586 2619 religio
1617 2534 1744 2599 sine
1795 2540 2175 2599 externorum
2246 2534 2544 2621 rincipum
2585 2539 2804 2605 auxilio

414 2620 490 2686 ab
520 2621 860 2706 Anglorum
905 2620 1114 2685 haeresi
1165 2626 1225 2685 et
1275 2620 1584 2707 tyrannide
1611 2620 1678 2685 in
1703 2618 2037 2685 libertatem
2087 2556 2507 2701 vindicaretur,
2540 2622 2583 2687 J
2582 2625 2806 2691 aimmn

413 2706 490 2773 O'
497 2706 745 2772 Helium
787 2708 1050 2771 Tuemiae
1099 2707 1628 2792 Archiepiscopum
1676 2709 1871 2770 virum
1922 2706 2195 2770 doctrina
2222 2715 2284 2771 et
2321 2707 2638 2774 innocente
2680 2712 2805 2777 vita

454 2793 730 2859 robatum
778 2794 1046 2879 legatum
1093 2792 1300 2871 mittit,
1351 2793 1457 2877 qui
1507 2792 1788 2877 Philippo
1838 2790 1932 2856 II.
1988 2792 2416 2877 Hispaniarum
2462 2797 2799 2863 monarchae

449 2880 767 2946 bernarum
795 2902 994 2945 rerum
1023 2885 1245 2945 statum
1273 2879 1536 2963 pandat3
1581 2876 1655 2943 ab
1685 2900 1756 2943 eo
1786 2877 2096 2943 declinatae
2130 2900 2283 2964 pene
2310 2879 2631 2946 Catholicae
2659 2884 2798 2948 fidei

410 2989 448 3033 o
613 2974 799 3053 petat,
831 2989 1009 3053 quam
1035 2988 1143 3053 per
1171 2963 1427 3030 Iberniae
1453 2966 1766 3051 primatem
1807 2965 2159 3051 promiserat
2178 2972 2244 3047 et
2268 2964 2357 3031 illi
2388 2966 2707 3034 O'Donelli
2736 2978 2798 3036 et

411 2989 662 3120 aiiffiim
717 3060 1066 3141 magnatum
1123 3050 1480 3117 Ibernorum
1545 3073 1784 3138 operam
1841 3057 1902 3116 et
1959 3050 2356 3117 obedientiam
2425 3054 2793 3140 polliceatur.

409 3143 678 3207 Antiates
708 3166 743 3207 a
770 3162 834 3207 re
937 3140 1360 3205 humanissime
1388 3145 1448 3203 et
1476 3139 1793 3226 plusquam
1821 3136 2007 3224 regali
2033 3138 2381 3205 liberalitate
2410 3162 2550 3207 exce
2590 3148 2690 3207 tus
2720 3144 2796 3209 de

410 3227 730 3294 O'Donelli
757 3234 818 3294 et
835 3164 1204 3293 {bernerum
1253 3224 1546 3292 nobilium
1591 3226 1788 3291 animo
1817 3246 1959 3311 erga
2009 3224 2334 3312 Hispanos,
2370 3226 2446 3293 de
2486 3251 2517 3294 r
2580 3230 2792 3316 'gione,

408 3316 758 3395 constantia,
789 3313 1161 3394 fortitudine,
1193 3320 1253 3378 et
1302 3312 1542 3379 militari
1585 3312 1871 3393 scientia3
1916 3318 2198 3399 praeterea
2225 3314 2300 3379 de
2326 3314 2539 3381 insulae
2570 3323 2791 3404 tempe-

405 3401 650 3482 ratione,
680 3399 1044 3481 salubritate,
1071 3400 1344 3466 ubertate
1372 3401 1518 3485 agri,
1547 3406 1832 3485 portuum
1860 3399 2296 3481 commoditate,
2326 3400 2569 3467 urbium
2596 3410 2658 3468 et
2684 3427 2721 3469 o
2766 3446 2792 3459 -

446 3488 681 3554 idorum
701 3488 1097 3575 jucunditate,
1127 3488 1461 3553 amaenitate
1509 3487 1829 3552 fluminum
1858 3493 2037 3573 atque
2062 3486 2320 3567 lacuum,
2352 3495 2414 3553 et
2440 3489 2571 3554 aliis
2598 3428 2789 3557 laudi-

449 3597 519 3641 us
547 3575 738 3641 multa
764 3575 1057 3661 exposuit,
1087 3573 1312 3639 addens
1339 3573 1423 3653 id,
1455 3573 1615 3659 quod
1663 3574 1842 3639 hodie
1887 3572 2137 3659 ambigit
2163 3596 2339 3640 nemo
2367 3575 2579 3640 insulae
2604 3577 2787 3663 hujus

477 3663 649 3741 ritus,
679 3660 926 3727 obtenta
952 3661 1214 3741 Ibernia,
1245 3660 1621 3745 Scotiamque
1649 3681 1906 3745 quoque,
1944 3661 2246 3746 Angliam,
2278 3660 2666 3727 Hollandiam
2693 3665 2789 3729 vel

401 3684 729 3829 ffitaviam,
759 3754 1067 3835 totamque
1096 3746 1353 3813 Galliam
1399 3746 1704 3832 Belgicam
1731 3767 1915 3831 parvo
1944 3747 2191 3832 negocio
2218 3769 2391 3833 posse
2420 3747 2699 3815 debellari
2727 3758 2789 3815 et

403 3835 678 3915 obtineri,
704 3842 764 3901 et
793 3834 1049 3919 denique
1065 3834 1388 3899 Catholicae
1413 3833 1688 3918 religioni
1722 3832 1909 3917 (quod
1937 3832 2250 3917 legationis
2277 3854 2452 3918 prora
2479 3841 2539 3917 et
2566 3839 2784 3923 puppis

400 3922 548 4007 erat)
583 3922 868 3988 auxilium
896 3922 1054 4007 regis
1082 3920 1428 4007 efflagitans.
1516 3918 1825 3984 Antistitis
1854 3919 2109 3983 orationi
2136 3942 2239 3985 rex
2259 3921 2519 4005 primum
2545 3923 2647 3987 vix
2674 3924 2781 3989 ha-

399 4006 580 4075 bebat
605 4007 1006 4075 indubitatam
1032 4006 1210 4073 fidem
1253 4013 1495 4093 propter
1524 4006 1822 4071 diversum
1842 4026 2139 4070 rumorem
2169 4007 2243 4073 de
2271 4006 2513 4073 Ibernia
2540 4008 2785 4096 dissipa-

401 4102 532 4161 tum
561 4096 636 4162 ab
665 4096 902 4182 AninS,
933 4094 1040 4182 qui
1089 4092 1252 4159 illius
1296 4093 1502 4158 laudes
1551 4092 1995 4157 mendaciorum
2037 4092 2295 4159 tenebris
2346 4094 2678 4176 involvunt,
2706 4120 2785 4162 ne

395 4182 592 4249 insula
617 4183 1052 4261 florentissima,
1080 4179 1516 4267 multiplicique
1543 4179 1789 4245 laudum
1807 4202 1878 4244 su
1920 4178 2198 4266 pellectili
2226 4180 2593 4262 celebranda,
2621 4184 2784 4249 unde

397 4270 494 4336 An
537 4269 619 4336 lia
663 4290 928 4335 errorum
975 4267 1182 4333 nutrix
1230 4273 1431 4353 posset
1479 4266 1688 4347 excidi,
1721 4265 1794 4331 ab
1913 4267 2129 4353 'spanis
2171 4274 2499 4354 expetatur.
2588 4268 2685 4335 Ob
2716 4272 2781 4337 id

397 4292 764 4422 Bicffiardum
814 4355 1262 4421 Stanihurstum
1307 4354 1511 4445 istum,
1545 4354 1648 4452 qui
1696 4353 2033 4439 Anglorum
2076 4356 2327 4440 gratiam
2372 4376 2677 4442 aucupans
2703 4358 2779 4422 ad

396 4441 809 4509 Ibernicorum
859 4442 1165 4508 infamiam
1205 4440 1427 4505 librum
1469 4439 1674 4520 edidit,
1725 4439 1986 4519 adhibet,
2018 4462 2137 4525 quo
2186 4440 2430 4506 minime
2456 4442 2775 4525 inficiante,

398 4550 530 4646 qua?
559 4530 806 4595 antistes
835 4529 1047 4609 aiebat,
1077 4550 1218 4595 nam
1245 4535 1415 4593 erant
1441 4526 1761 4606 verissima,
1793 4524 2050 4613 denique
2078 4527 2321 4593 credens
2356 4529 2531 4615 caepit
2556 4531 2778 4612 mirari,

465 4725 490 4751 ⁸
529 4722 846 4777 Inniskillen
869 4723 916 4777 is
952 4730 1052 4778 not
1091 4722 1406 4777 mentioned
1442 4721 1500 4775 in
1543 4719 1636 4774 the
1677 4720 1835 4775 Four
1878 4720 2135 4777 Masters.
2203 4720 2287 4777 Its
2326 4730 2551 4795 capture
2588 4725 2683 4795 (if)
2708 4728 2779 4801 by

397 4792 690 4865 Bingham,
716 4802 862 4849 must
877 4794 1015 4849 have
1039 4794 1173 4849 been
1199 4796 1254 4848 in
1284 4797 1437 4857 1593,
1463 4810 1515 4863 p.
1551 4795 1705 4845 1945.
1748 4791 1804 4847 It
1829 4810 1937 4847 was
1956 4794 2119 4847 taken
2144 4793 2213 4865 by
2239 4794 2333 4849 the
2358 4794 2513 4849 Lord
2537 4796 2776 4871 Depnty,

397 4861 764 4932 Fitzwilliam,
788 4866 844 4919 in
873 4868 1026 4932 1594,
1047 4884 1100 4937 p.
1131 4870 1282 4922 1949.
1361 4866 1492 4928 Οοε,
1517 4881 1573 4934 p.
1599 4866 1725 4917 403.

746 4940 826 5001 21
