3634 5842
929 710 1058 773 224
1336 707 1746 773 o'sunnnvam
1793 726 2103 777 msromae.
2146 726 2530 785 cunonem,
2574 726 2723 771 rou.
2756 726 2859 771 111.
3034 704 3189 790 [un.
3227 726 3317 769 νε.

929 879 1138 944 Altera
1163 902 1298 966 pars
1329 889 1554 968 septem
1583 882 1827 947 navium
1872 880 2037 945 Petri
2088 879 2397 945 Zubiauris
2425 902 2535 966 pro
2578 880 2806 945 raetoris
2834 879 3034 946 navim
3064 901 3317 963 sequens

929 973 992 1030 et
1019 966 1230 1052 pelago
1261 968 1365 1033 diu
1393 992 1593 1033 errans
1643 970 1708 1034 in
1751 968 2050 1033 Gronium
2080 966 2350 1032 Galletiae
2380 967 2521 1053 oppi
2564 990 2668 1031 um
2699 974 3010 1032 ventorum
3039 966 3100 1029 vi
3130 966 3315 1031 defer-

929 1059 1047 1118 tur.
1133 1054 1340 1119 Altera
1381 1078 1537 1141 pars,
1569 1078 1702 1141 quae
1759 1055 1949 1140 major
1988 1060 2134 1133 erat,
2163 1054 2497 1139 praetoriam
2528 1076 2736 1119 navem
2766 1060 2970 1118 secuta
2996 1074 3153 1117 anno
3182 1052 3315 1117 mil·

927 1137 1138 1203 lesimo
1183 1142 1608 1207 sexcentesimo
1659 1142 1852 1228 primo
1902 1163 2103 1206 mense
2154 1139 2490 1226 Septembri
2535 1141 2603 1205 iu
2649 1140 3029 1206 Keansaliam
3086 1138 3317 1225 appulit

929 1224 1371 1293 Momoniarum
1400 1229 1706 1315 oppidum,
1737 1229 1901 1314 quod
1946 1228 2131 1293 hoeret
2175 1227 2377 1314 portui
2420 1248 2661 1312 magn0,
2690 1234 2753 1293 et
2794 1226 3093 1293 tutissimo
3143 1227 3315 1291 meri-

928 1312 1088 1377 diem
1117 1316 1427 1399 spectanti.
1514 1314 1630 1382 Cui
1658 1316 1838 1381 etiam
1888 1316 2201 1380 imminent
2230 1314 2349 1379 duo
2400 1314 2639 1379 castella
2667 1314 2828 1393 hinc,
2856 1313 2998 1379 inde
3026 1320 3310 1392 extructa,

929 1398 1146 1484 quibus
1175 1403 1226 1466 si
1287 1402 1596 1468 tormentis
1640 1404 1873 1468 firmata
1917 1408 2250 1479 teneantur,
2302 1401 2526 1479 invitis,
2558 1401 2719 1466 haud
2769 1400 2959 1466 facilis
2987 1407 3079 1464 est
3120 1399 3315 1465 aditus

925 1487 990 1549 in
1018 1494 1279 1571 portum.
1363 1489 1462 1555 Ab
1493 1490 1675 1555 altera
1721 1498 1891 1576 parte
1947 1489 2217 1553 tumulus
2246 1490 2458 1573 surgit,
2486 1488 2649 1554 unde
2678 1488 3167 1553 machinamentis
3196 1487 3312 1552 dis-

926 1573 1134 1658 positis
1165 1575 1453 1661 oppidum
1493 1584 1688 1663 potest
1716 1575 2083 1641 commodius
2113 1575 2207 1640 vel
2236 1574 2590 1661 oppugnari,
2620 1574 2716 1640 vel
2743 1575 3125 1661 propugnari.
3215 1573 3314 1640 Ab

927 1660 1232 1726 occidente
1261 1662 1485 1729 flumen
1514 1663 1704 1729 abluit
1731 1663 2109 1749 importando
2140 1661 2403 1727 subsidio
2433 1662 2733 1727 idoneum.
2784 1660 3087 1747 Oppidani
3116 1661 3311 1726 animo

926 1745 1339 1829 libentissimo,
1371 1757 1432 1815 et
1461 1750 1652 1816 obviis
1686 1750 1786 1835 (ut
1836 1751 2005 1815 aiunt
2050 1749 2349 1833 manibus)
2384 1748 2667 1834 Aquilam
2696 1748 2813 1814 His
2856 1770 3038 1813 anum
3064 1749 3311 1834 impera-

728 1826 905 1897 [¹7⁵·]
929 1838 1174 1919 torem,n
1217 1843 1277 1901 et
1315 1839 1442 1923 ejus
1479 1838 1804 1903 exercitum
1854 1837 2001 1921 (duo
2051 1836 2233 1902 millia
2274 1842 2336 1901 et
2366 1837 2681 1921 quingenti
2719 1858 2795 1922 pe
2843 1835 2949 1900 'tes
2978 1838 3169 1919 erant)
3214 1858 3309 1899 ex-

927 1921 1100 2005 pulso
1157 1922 1492 2008 Anglorum
1543 1924 1837 2009 praesidiO,
1896 1925 1961 1989 in
2020 1914 2307 2011 oppidum
2362 1922 2712 1989 intulerunt.
2802 1922 2882 1987 In
2928 1945 3046 2007 quo
3091 1922 3311 2007 Aquila

926 2030 989 2071 se
1039 2007 1142 2073 diu
1199 2032 1324 2074 non
1379 2032 1728 2076 mansurum
1776 2017 2016 2097 putans,
2062 2012 2129 2075 in
2178 2010 2541 2075 Bincarrano
2596 2009 3075 2095 (Rinncharrain)
3126 2008 3308 2075 altero

923 2114 997 2157 ex
1027 2094 1262 2160 duobus
1318 2098 1591 2176 castellis,
1645 2120 1778 2184 quae
1835 2098 2039 2184 portui
2094 2098 2430 2176 imminent,
2482 2098 2787 2163 cohortem
2844 2118 3028 2162 unam
3054 2096 3308 2182 praesidii

923 2202 1101 2246 causa
1156 2183 1366 2267 ponitz
1441 2182 1721 2251 bellicum
1775 2184 2317 2250 machinamentum
2371 2206 2563 2249 unum
2620 2207 2654 2249 e
2724 2183 2975 2249 navibus
3048 2184 3306 2269 exponit,

924 2274 1200 2333 causatus
1226 2268 1344 2335 illis
1373 2270 1644 2349 navibus,
1669 2292 1815 2355 quas
1846 2269 2102 2336 Zubiaur
2130 2269 2405 2349 ducebat,
2434 2270 2907 2336 machinamenta
2934 2269 3049 2336 sibi
3078 2269 3308 2335 decreta

967 2356 1168 2419 ortari.
1227 2356 1398 2421 Inter
1453 2357 1643 2437 illum,
1697 2365 1758 2422 et
1815 2358 2149 2423 cohortium
2210 2358 2411 2436 duceS,
2441 2357 2893 2443 Mathaeumque
2950 2356 3308 2423 Ovetensem

921 2376 1292 2507 gubhlinnae
1321 2444 1847 2531 Archiepiscopum
1878 2445 2225 2523 simultates,
2256 2452 2317 2509 et
2346 2444 2740 2510 dissensiones
2768 2446 3060 2510 oriuntur.
3091 2444 3305 2511 Daniel

923 2526 1356 2595 O'Sullevanus
1384 2531 1636 2609 Bearrae,
1689 2539 1750 2596 et
1799 2531 2095 2597 Beantriae
2140 2532 2413 2617 princeps
2442 2531 2680 2617 Aquilae
2709 2532 3059 2597 nunciatum
3100 2532 3303 2611 mittit,

920 2613 1054 2695 sibi,
1084 2624 1146 2681 et
1174 2618 1376 2683 amicis
1405 2619 1530 2683 suis
1559 2617 1775 2683 milites
1820 2618 1981 2683 mille
2032 2626 2287 2684 armatos
2336 2640 2481 2696 esse,
2514 2624 2575 2683 et
2602 2618 2853 2684 totidem
2879 2620 3135 2684 inermes
3164 2640 3303 2684 con-

920 2701 1280 2782 scribendos,
1338 2705 1516 2771 modo
1572 2706 1673 2770 ille
1729 2705 2069 2791 suppeditet
2126 2728 2309 2783 arma,
2413 2704 2590 2770 uibus
2658 2705 3050 2785 instruantur,
3112 2725 3301 2792 eoque

922 2810 1170 2855 numero
1201 2814 1263 2857 se
1291 2792 1528 2879 protegi
1554 2794 1667 2857 iter
1704 2792 2100 2872 occlusurum,
2130 2800 2193 2858 et
2234 2792 2365 2857 obsi
2408 2794 2602 2857 ionem
2629 2790 3089 2878 prohibiturum,
3120 2792 3305 2859 donec

923 2874 1239 2959 O’Nellus,
1268 2885 1330 2945 et
1357 2878 1727 2945 O’Donellus
1777 2879 1998 2945 auxilio
2030 2881 2288 2945 veniant.
2377 2878 2598 2964 Aquila
2623 2878 2930 2966 respondit
2958 2878 3062 2966 (ut
3090 2879 3302 2946 O’Sul-

921 2961 1166 3029 levanus
1194 2966 1342 3031 mihi
1369 2967 1603 3054 retulit)
1636 2989 1935 3032 armorum
1986 2966 2217 3052 copiam
2261 2965 2375 3031 sibi
2424 2988 2549 3031 non
2578 2988 2723 3044 esse,
2756 2967 2916 3052 quod
2947 2967 2983 3031 a
3012 2966 3301 3033 Zubiaure

919 3049 1279 3130 ferebantur,
1310 3060 1371 3117 et
1427 3054 1676 3119 aliorum
1733 3054 1913 3118 etiam
1970 3052 2415 3119 Momoniorum
2473 3053 2702 3119 animos
2757 3051 3001 3119 minime
3030 3054 3303 3133 solicitat,

926 3134 1190 3217 O'Nelli,
1222 3146 1284 3202 et
1312 3137 1632 3205 O’Donelli
1660 3140 1976 3205 consilium
2004 3140 2387 3227 expectans*

1007 3221 1272 3288 Bluntus
1299 3224 1557 3291 Iberniae
1583 3226 1809 3291 Prorex
1854 3232 1980 3292 erat
2013 3232 2161 3293 tunc
2189 3226 2471 3313 temporis
2500 3226 2911 3307 Anthloniae,†
2940 3250 3060 3314 quo
3104 3230 3301 3317 copias

923 3329 1060 3373 suas
1111 3312 1510 3391 accersiverat,
1562 3334 1686 3379 non
1741 3313 1986 3399 ignarus
2046 3312 2133 3379 Hi
2206 3336 2349 3379 anos
2398 3314 2465 3378 in
2513 3312 2817 3381 Iberniam
2868 3338 2941 3381 ex
2982 3314 3303 3384 editionem

921 3394 1182 3462 facturos
1223 3398 1426 3478 fuisse,
1455 3406 1528 3464 ut
1573 3398 1972 3485 exploratores
2017 3402 2161 3486 Ang
2188 3401 2201 3413 ⁶
2249 3406 2621 3466 monuerant.
2720 3400 2893 3468 Unde
2986 3404 3301 3471 eansaliam

918 3490 1129 3569 petens
1187 3506 1326 3549 cum
1382 3486 1598 3551 comite
1677 3484 2132 3566 Clanrichardae,
2192 3486 2679 3573 Anglo-Ibernis,
2738 3488 2995 3555 Iberniae
3052 3492 3301 3558 consilio

919 3570 1990 3726 {iffss’fflffffifflffiffi’
2014 3574 2613 3727 ffiffifflnssaff
2656 3582 2778 3727 {im
2806 3575 2989 3729 mon?
3034 3580 3301 3732 ωέᾰὲἕ·

916 3681 1214 3896 ffigriat.q
1255 3746 1636 3814 Keansaliam
1685 3711 1987 3835 dispositi’s
2036 3750 2102 3814 in
2129 3748 2362 3814 tumulo
2390 3748 2701 3815 tormentis
2724 3685 2942 3816 igiter
2953 3686 3299 3905 θὲἕὲιῶιιη.

1005 3830 1016 3845 ’
1049 3855 1245 3898 comes
1265 3832 1609 3915 Tomonius,
1630 3835 1735 3921 qui
1753 3842 1899 3901 tunc
1926 3836 2209 3923 temporis
2227 3836 2295 3900 in
2310 3834 2532 3921 Anglia
2552 3842 2695 3917 erat,
2719 3860 2854 3902 cum
2878 3843 3014 3903 octo
3105 3840 3117 3853 ’
3171 3838 3299 3905 'bus

915 3924 1196 4003 tyronum
1223 3921 1558 4007 Anglorum
1611 3922 1831 3988 auxilio
1880 3923 2159 3988 mittitur.
2246 3921 2452 3987 Altera
2478 3930 2645 4009 parte
2686 3926 2907 4011 reginae
2935 3924 3137 3991 classis
3164 3948 3299 4014 por·

913 4011 1047 4070 tum
1076 4028 1373 4093 occupans
1418 4009 1706 4097 oppidum
1750 4015 2186 4075 tormentorum
2234 4008 2456 4075 ictibus
2492 4008 2757 4076 discutit.
2846 4010 3107 4098 Hispani
3146 4014 3299 4079 nihil

911 4094 1125 4158 animis
1172 4096 1535 4161 consternati
1581 4103 1902 4182 properant
1948 4096 2233 4183 oppidum
2263 4118 2655 4183 propugnare,
2684 4118 2756 4162 eo
2784 4104 3102 4180 tormento,
3134 4100 3297 4253 (Ἐζᾶ

908 4180 1025 4266 ipsi
1082 4203 1116 4245 e
1159 4181 1412 4247 navibus
1455 4190 1880 4269 exposuerunt,
1938 4189 1999 4248 et
2045 4182 2299 4262 duobus,
2352 4205 2487 4268 quae
2531 4192 2698 4250 erant
2745 4185 2811 4250 in
2862 4186 3104 4273 oppido,
3204 4188 3218 4201 '

906 4266 1192 4355 Anglicas
1218 4291 1398 4336 naves
1447 4271 1893 4357 oppugnatione
1940 4292 2257 4349 removere,
2306 4270 2447 4337 inde
2488 4270 2752 4337 hostium
2780 4280 2972 4339 naara
2998 4274 3293 4355 infestare,

975 4576 998 4601 ‘
1037 4573 1359 4645 According
1398 4582 1459 4629 to
1501 4574 1706 4629 Pacata
1747 4572 2037 4636 Hibernia,
2116 4614 2129 4629 .
2158 4576 2281 4633 251,
2307 4590 2449 4626 none
2492 4572 2558 4626 of
2586 4572 2679 4627 the
2706 4573 2872 4636 Irish,
2898 4582 3094 4647 except
3128 4594 3165 4631 a
3188 4576 3288 4631 few

901 4643 1238 4726 dependants
1261 4642 1328 4698 of
1355 4643 1627 4699 Florence
1653 4644 1967 4716 M‘Carthy,
1988 4644 2021 4697 h
2119 4644 2325 4698 offered
2344 4643 2489 4698 their
2514 4644 2747 4699 services
2770 4653 2832 4699 to
2869 4646 2965 4700 the
2992 4646 3292 4717 Spaniards

896 4712 1418 4843 ιιὙΚ,Ιῗιιηίζιὶῗῖιιιο1ιείεὲ
1445 4785 1650 4851 Oastle,
1677 4784 1973 4856 Kilkenny.
