3634 5842
436 740 573 787 car.
619 721 754 805 un]
1122 738 1206 783 nn
1250 737 1448 783 annno
1495 738 1871 789 eumenem
1914 738 2249 784 annosum.
2686 721 2808 783 153

432 892 602 978 ginta
627 891 978 961 Urmoniam
1003 892 1322 977 improviso
1361 912 1672 978 aggressus
1699 890 1959 977 praedam
1984 892 2178 977 agits*
2205 895 2633 977 sequentesque
2660 890 2811 955 But-

431 978 614 1044 tleros
640 978 910 1065 equitum
937 987 1000 1047 et
1025 977 1294 1130 {editum
1336 1000 1586 1044 numero
1633 978 1965 1063 superiores
2010 978 2213 1045 fundit
2240 985 2302 1043 et
2326 979 2517 1063 fugat,
2561 977 2809 1061 aliquos,

431 1068 757 1150 praesertim
786 1066 998 1133 ducem
1080 1072 1272 1131 etrum
1300 1064 1644 1131 Buttlerum
1671 1065 1907 1130 comitis
1924 1064 2203 1131 Urmonii
2226 1074 2507 1165 nepotem
2536 1086 2613 1129 ex
2630 1064 2811 1129 fratre

429 1151 726 1218 occidens.
814 1153 1054 1239 Longas
1098 1150 1377 1239 Lageniae
1405 1157 1470 1217 et
1493 1150 1750 1217 Midhiae
1791 1152 2077 1238 regiones·
2105 1152 2353 1218 occultis
2380 1150 2691 1217 itineribus
2722 1150 2808 1217 di·

429 1260 670 1305 mensus
699 1238 776 1305 ad
802 1238 1247 1307 Lochsindilem
1295 1237 1544 1303 Midhiae
1593 1237 1885 1324 oppidum
1918 1238 2113 1323 (Loch
2142 1239 2355 1323 Sindil)
2390 1240 2457 1305 in
2486 1260 2605 1324 quo
2634 1236 2815 1308 multi.

429 1324 616 1411 Angli
665 1327 1056 1413 nequicquam
1101 1347 1388 1411 pauperes
1414 1323 1931 1391 commorabantur
1956 1326 2322 1412 perveniens,
2352 1326 2569 1391 horum
2596 1324 2811 1389 domus

427 1420 614 1477 noctu
645 1414 914 1483 effractis
957 1412 1186 1478 foribus
1233 1434 1373 1477 cum
1423 1411 1927 1478 commilitonibus
1972 1414 2292 1499 ingressus,
2324 1414 2481 1477 viros
2506 1411 2807 1489 interficit,

427 1498 744 1585 praedaque
793 1507 1045 1565 onustus
1103 1500 1346 1564 domum
1403 1498 1576 1565 redit.
1663 1498 1764 1564 Ita
1822 1498 1961 1585 quia
2016 1498 2493 1565 Protestantibus
2548 1496 2807 1563 multum

429 1584 630 1650 damni
656 1586 881 1667 intulit,
909 1608 1023 1652 nec
1049 1586 1218 1651 facile
1245 1591 1481 1671 poterat
1507 1586 1659 1671 capi,
1689 1585 1939 1651 audacia
1966 1588 2077 1653 sua
2102 1594 2165 1651 et
2192 1586 2489 1673 sylvarum
2516 1584 2809 1649 densitate

427 1670 723 1752 defensus,
751 1681 816 1739 et
839 1696 918 1739 ne
945 1674 1234 1759 majorum
1283 1680 1558 1737 motuum
1599 1694 1776 1738 causa
1822 1672 1999 1751 foret,
2041 1673 2257 1759 Angh's
2301 1671 2807 1739 consultissimum

427 1758 620 1824 visum
657 1766 766 1839 est,
796 1767 869 1826 ut
912 1759 1085 1827 illum
1126 1760 1192 1825 in
1239 1759 1418 1824 fidem
1466 1759 1756 1845 recipiant
1801 1759 2065 1825 reatibus
2114 1758 2391 1825 omnibus
2432 1758 2803 1827 condonatis.

425 1843 592 1911 Inito
631 1853 827 1933 pacto,
867 1846 1102 1933 fideque
1149 1846 1498 1932 interposita
1544 1846 1959 1911 Dubhlinnam
1986 1846 2063 1912 ad
2105 1847 2148 1911 J
2148 1848 2443 1913 ohannem
2492 1846 2807 1911 Perrotum

425 1929 681 1998 Iberniae
726 1955 1034 2020 proregem
1085 1934 1255 2021 petit.
1341 1932 1439 1998 De
1487 1933 1660 2020 cujus
1702 1933 1964 1999 adventu
2004 1956 2139 1999 cum
2185 1934 2547 2020 accepissent
2593 1931 2807 1999 Dudlii

425 2016 708 2105 Bagnalis
733 2020 942 2087 &atres
970 2028 1034 2086 et
1059 2020 1506 2106 consanguinei,
1543 2018 1716 2085 -aedes
1741 2021 1806 2086 in
1836 2020 2053 2106 quibus
2096 2019 2309 2107 agebat
2356 2020 2583 2085 armata
2622 2041 2807 2084 manu

425 2105 808 2173 circumdant.
897 2108 1130 2174 Fuscus
1167 2107 1416 2173 inducta
1555 2130 1642 2187 ea,
1672 2114 1845 2173 scuto
1872 2108 2037 2173 laevae
2083 2108 2382 2194 imposito,
2412 2108 2621 2173 stricto
2648 2106 2803 2171 ferro

423 2192 645 2259 ostium
694 2217 776 2281 pu
862 2194 1018 2261 ando
1061 2194 1224 2261 solus
1271 2192 1444 2260 defen
1485 2194 1553 2273 it,
1603 2193 1791 2260 donec
1819 2217 2033 2281 prorex
2074 2195 2315 2261 veniens
2357 2216 2621 2281 pugnam
2651 2192 2801 2257 dire-

423 2280 616 2359 merit,
648 2282 758 2347 eti
806 2304 906 2347 um
938 2282 1227 2349 factorum
1255 2281 1612 2367 impunitate
1640 2281 1929 2347 donatum
1959 2282 2204 2349 domum
2235 2282 2543 2347 dimiserit.

1458 2732 1638 2799 CAP.
1686 2733 1813 2798 111.

497 2940 720 2994 Tironae
746 2956 944 3005 comes,
972 2938 1064 3011 qui
1089 2938 1284 3010 Anglis
1309 2940 1363 2993 in
1387 2938 1700 2994 rebellionis
1722 2940 2080 3012 suspicionem
2106 2942 2271 3006 venit,
2298 2943 2349 2996 in
2366 2943 2463 3013 jus
2486 2953 2733 2999 vocatur.

424 3112 718 3176 Nomium
771 3109 1080 3176 O'Ruarki
1129 3120 1192 3175 et
1237 3110 1479 3177 Tuethii
1525 3118 1724 3177 motus
1775 3112 1963 3178 sedati
2005 3113 2266 3194 fuerunt,
2298 3116 2434 3181 cum
2484 3118 2807 3205 majoribus

421 3197 854 3264 antevertendis
905 3198 1110 3283 regine
1139 3198 1475 3264 distinetur.
1563 3198 1845 3284 Namque
1894 3198 2082 3286 Hugo
2126 3201 2421 3268 O'Nellus
2449 3208 2803 3293 cognomine

423 3284 794 3371 compeditus
823 3284 1066 3369 (Aodha
1115 3284 1431 3351 Gimhlach
1461 3285 1603 3351 Mac
1633 3286 1788 3351 Sean
1815 3286 1901 3352 Ui
1927 3284 2101 3374 Neil)
2148 3289 2309 3374 quod
2336 3298 2524 3357 matre
2552 3296 2804 3360 vinculis

421 3371 706 3457 impedita
747 3373 928 3437 fuerit
974 3372 1188 3451 editus,
1238 3372 1281 3436 J
1281 3371 1530 3440 ohannis
1576 3373 1861 3459 principis
1900 3374 2057 3439 filius
2086 3398 2119 3440 e
2150 3378 2352 3443 Scotia
2391 3379 2455 3444 in
2503 3379 2804 3447 Iberniam

422 3480 661 3610 {1552}
663 3458 1026 3632 iliffpffl?
1015 3481 1090 3611 ἑὲ
1107 3458 2552 3634 fflfffflffldffisgssiaeffiefflussss‘ffffiffiff
2568 3468 2805 3620 &¹122ss
2828 3487 2950 3552 [¹²¹
2962 3488 3007 3554 '³

423 3632 638 3697 comite
667 3632 839 3698 donis
867 3639 1106 3698 ornatos
1133 3633 1200 3697 in
1229 3632 1490 3699 Scotiam
1516 3633 1700 3698 fuisse
1729 3634 1939 3698 missos
1968 3640 2029 3699 et
2057 3635 2275 3700 eisdem
2303 3636 2530 3704 litteras
2558 3640 2804 3706 traditas

422 3717 501 3783 ad
545 3741 746 3805 regem
793 3718 1121 3806 Hispaniae,
1141 3714 1150 3725 ’
1173 3718 1390 3805 quibus
1440 3720 1569 3806 ejus
1613 3720 1956 3805 praesidium
2004 3721 2071 3786 in
2118 3723 2382 3807 reginam
2424 3725 2802 3811 efflagitabat,

422 3826 591 3871 suam
619 3828 856 3891 operam
885 3804 1207 3891 pollicens:
1249 3806 1430 3892 idque
1478 3813 1674 3871 totum
1730 3804 2034 3892 Hispanos
2076 3830 2277 3875 secum
2318 3814 2801 3895 communicasse,

423 3892 828 3958 existimantes
879 3914 1016 3957 eum
1065 3890 1288 3959 Tirono
1337 3893 1524 3959 fidum
1573 3893 1718 3971 fore,
1751 3893 1904 3958 sicut
1946 3900 2073 3959 erat
2121 3898 2633 3983 consanguinitate
2661 3923 2803 3967 con-

427 3978 662 4045 ‘unctus
691 3985 754 4047 et
779 3978 1065 4065 religione
1090 3977 1452 4045 catholicus.
1538 3979 1760 4045 Prorex
1788 3986 1850 4045 et
1878 3980 2193 4047 consilium
2221 3982 2477 4051 Iberniae
2503 3986 2569 4051 in
2597 3987 2803 4053 Strad-

463 4065 638 4132 aliam
667 4066 934 4131 Ultoniae
961 4064 1248 4167 oppidum
1275 4064 1627 4132 Dubhlinna
1652 4066 1905 4152 profecti
1922 4067 2206 4137 Tironum
2225 4071 2289 4136 in
2312 4071 2414 4158 jus
2440 4081 2675 4154 vocant,
2700 4075 2804 4159 qui

422 4154 646 4219 crimen
697 4151 998 4239 objectum
1045 4160 1461 4225 incunctanter
1508 4160 1706 4239 negat,
1739 4154 2001 4221 subdens
2028 4154 2380 4243 Compedito
2421 4159 2664 4227 inimico
2692 4184 2803 4227 suo

423 4261 548 4305 non
575 4262 702 4305 esse
729 4239 910 4306 fidem
937 4238 1288 4305 habendam.
1375 4240 1761 4326 Compeditus
1789 4264 1853 4307 se
1882 4242 2167 4329 singulari
2215 4246 2535 4311 certamine
2580 4248 2804 4317 crimen

463 4325 811 4392 robatur-um
858 4326 1104 4392 asserit:
1150 4325 1256 4391 sed
1282 4327 1412 4413 ipse
1451 4335 1514 4393 et
1540 4327 1795 4393 'Pironus
1838 4329 2091 4395 stadium
2130 4330 2365 4417 ingredi
2391 4332 2800 4418 prohibentur.

510 4414 812 4499 mpeditus
837 4436 901 4479 se
929 4420 1114 4479 testes
1152 4412 1584 4499 producturum
1626 4417 1952 4482 confirmet.
2004 4438 2011 4443 ·
2039 4417 2155 4483 Die
2182 4420 2511 4484 constituta
2538 4422 2659 4507 qua
2685 4428 2802 4487 tes-

423 4506 514 4564 tes
541 4499 965 4587 producantur,
983 4500 1240 4566 'Pir-onus
1257 4501 1410 4567 datis
1439 4500 1688 4567 vadibus
1711 4503 1987 4569 dimissus
2004 4501 2423 4591 compeditum
2448 4506 2803 4591 inquirendo

495 4667 521 4692 ·
559 4664 683 4720 The
707 4666 884 4739 rising
908 4660 974 4720 of
1005 4666 1100 4721 the
1141 4666 1348 4723 Brown
1393 4669 1690 4727 Geraldine
1715 4672 1983 4727 occurred
2023 4674 2082 4729 in
2128 4678 2281 4732 1586.
2354 4677 2459 4733 See
2482 4680 2568 4733 his
2591 4678 2729 4739 feats
2752 4686 2809 4739 in

425 4734 726 4829 Kilkenny‚
753 4736 1047 4802 Wexford,
1071 4740 1180 4793 and
1221 4741 1455 4805 Queen's
1494 4749 1714 4828 county,
1739 4742 2025 4828 described
2048 4746 2105 4800 in
2144 4747 2238 4802 the
2280 4756 2317 4785 ‘⁸
2336 4746 2711 4809 Government
2752 4758 2817 4811 of

427 4805 649 4863 lrelmd
691 4808 776 4945 gg
801 4808 1048 4877 Peri-ott,
1069 4828 1124 4881 p.
1157 4815 1277 4866 111.
1339 4812 1430 4867 He
1453 4830 1563 4869 was
1586 4832 1644 4869 m
1668 4832 1814 4871 arms
1839 4832 1999 4888 agam
2018 4817 2075 4873 iu
2104 4822 2254 4876 1594.
2311 4822 2439 4886 Cooe,
2462 4838 2515 4895 p.
2542 4828 2670 4882 404.
2782 4840 2791 4849 ·
