3634 5842
404 803 538 849 cn.
587 782 678 867 v.]
1085 805 1432 853 HERETICAE
1473 806 1863 853 TYRANNIDIS
1906 806 2151 853 sunum.
2708 794 2741 857 7
2751 796 2787 853 9

402 978 651 1023 numero
679 958 792 1023 hos
820 979 933 1043 ego
982 959 1048 1023 in
1117 958 1372 1024 resentia
1413 958 1698 1024 memoris
1723 965 1919 1039 teneo,
1951 960 2026 1026 de
2056 981 2312 1047 quorum
2340 960 2417 1029 ali
2458 960 2639 1029 uibus
2668 966 2793 1031 suis

401 1043 548 1109 locis
569 1044 761 1111 fusius
791 1067 983 1131 agam.
1137 1068 1257 1111 unc
1302 1044 1520 1131 quibus
1543 1046 1804 1131 judiciis,
1835 1054 2014 1133 atque
2034 1048 2323 1117 ministris
2343 1051 2407 1117 in
2474 1051 2794 1117 bemorum

401 1132 722 1217 perniciem
739 1132 930 1219 Angli
955 1138 1222 1214 utantur,
1239 1132 1522 1199 dicamus.
1536 1134 1562 1215 ΙῙ
2813 1140 2958 1212 [71].

1427 1600 1617 1669 CAP.
1661 1602 1741 1667 V.

473 1779 692 1845 Quibus
729 1778 972 1850 judiciis,
997 1784 1054 1832 et
1075 1778 1342 1833 ministris
1383 1786 1626 1904 utana-13·i
1639 1780 1810 1906 Angli
1845 1782 1902 1836 in
1938 1782 2163 1839 Iber-nia
2198 1784 2255 1839 in
2306 1787 2721 1849 Catholicorum

1447 1868 1568 1906 οισι
1627 1868 1720 1905 um

403 1990 658 2057 Cnsnnb
715 1988 1090 2056 celebrantur
1153 1988 1374 2074 Anglis
1400 1988 1467 2053 in
1525 1986 1766 2055 Ibernia
1814 1998 2163 2071 conventus,
2208 1992 2304 2058 vel
2346 1994 2613 2077 concilia,
2646 2016 2793 2083 quas

409 2078 525 2167 ipsi
552 2085 769 2143 vocant
807 2076 1129 2142 Soesiones.
1215 2074 1442 2141 Earum
1464 2074 1586 2141 duo
1608 2098 1825 2162 genera
1850 2085 2029 2144 sunt:
2074 2078 2292 2160 alterae,
2326 2101 2461 2167 quae
2489 2084 2791 2169 generales

403 2162 972 2324 ἲέἶωῑὸἒῗῖἔῗέ
995 2164 1066 2315 {3
1089 2162 1346 2315 &303²
1361 2161 1642 2316 αῗῖἐξὲξ
1667 2164 2550 2341 ἓέξῑῗὲῗὶὲἓιὲῗοέξὲἔὲἓθ
2566 2194 2791 2325 ἓῖέᾞ

397 2339 693 2425 judicium
713 2337 884 2403 reddi
912 2344 1127 2423 potest,
1146 2336 1344 2402 alterae
1370 2336 1696 2403 trimestres
1722 2340 2047 2404 nominatae
2094 2346 2303 2426 quater
2324 2280 2601 2409 omnibgs
2622 2348 2793 2411 annis

403 2428 471 2491 in
492 2426 744 2511 singulis
764 2424 950 2489 totius
957 2424 1126 2509 regni
1145 2420 1444 2503 tribubus,
1461 2444 1596 2511 quoe
1610 2424 1829 2511 Anglis
1842 2427 2159 2492 comitatus
2171 2430 2479 2509 vocantur,
2500 2431 2795 2499 habentur

405 2512 464 2578 Ο
495 2512 677 2599 quam
727 2510 1056 2595 squalidam
1112 2516 1278 2589 tunc,
1332 2516 1392 2575 et
1441 2510 1752 2596 lugubrem
1797 2535 1997 2579 rerum
2026 2514 2237 2580 faciem
2267 2518 2671 2603 conspiceres!
2718 2520 2795 2585 de

401 2596 2794 2773 mss34¹2„dffifflffiffissxffifflffifflfflfflg

401 2772 605 2857 agitur
623 2770 694 2835 ed.
720 2768 983 2855 praecipu
1065 2770 1260 2847 causa,
1293 2770 1456 2855 quod
1484 2769 1701 2835 nolunt
1728 2770 1963 2837 deserta
1987 2772 2295 2839 Catholicss
2319 2775 2625 2862 religione,
2644 2780 2791 2866 dog-

411 2857 676 2927 matibus
704 2856 1117 2921 haereticorum
1145 2853 1530 2920 subscribere.

487 2944 796 3030 Frequens
823 2948 917 3007 est
943 2941 1122 3008 etiam
1149 2940 1366 3027 Anglis
1392 2943 1458 3006 in
1481 2942 1574 3007 his
1604 2940 1979 3009 Sessionibus
2008 2944 2307 3030 quoddam
2329 2948 2541 3035 judicii
2576 2972 2787 3037 genus,

401 3031 566 3121 quod
590 3031 708 3118 ipsi
737 3029 1125 3116 quaestionem
1151 3037 1386 3094 vocant.
1475 3028 1669 3116 quue
1696 3030 1859 3096 hunc
1886 3032 1953 3096 in
1978 3032 2225 3097 modum
2244 3045 2585 3123 usurpatur,
2610 3038 2789 3111 Quae-

399 3122 574 3199 ritur,
605 3120 684 3184 sit
710 3139 788 3181 ne
837 3116 1154 3203 Philippus
1202 3138 1325 3203 v-g.
1372 3116 1697 3196 homicidii,
1719 3118 1887 3197 furti,
1930 3119 2026 3185 vel
2052 3118 2209 3186 laesae
2235 3122 2559 3208 majestatis
2604 3126 2786 3191 reus?

403 3206 558 3273 Haec
586 3226 764 3272 causa
791 3204 932 3269 viris
961 3202 1276 3269 duodecim
1328 3201 1656 3269 dirimenda
1697 3206 2107 3287 committitur,
2141 3208 2245 3293 qui
2293 3208 2529 3297 legibus
2556 3212 2788 3299 Anglo-

401 3316 539 3360 rum
585 3290 841 3359 debeant
889 3314 1016 3357 esse
1067 3290 1417 3375 municipes,
1469 3290 1566 3357 vel
1615 3291 1793 3371 cives,
1839 3293 2057 3379 viginti
2085 3294 2295 3361 saltem
2324 3300 2555 3384 argenti
2604 3299 2787 3367 libras

398 3380 720 3467 vectigales
748 3378 1056 3457 habenteS,
1086 3400 1198 3443 nec
1221 3376 1442 3463 dispari
1471 3378 1816 3444 conditione
1846 3402 1985 3445 cum
2015 3404 2135 3460 reo,
2167 3405 2245 3448 ne
2272 3384 2339 3449 in
2367 3385 2663 3452 nobilium
2691 3410 2787 3453 ca-

397 3478 516 3553 put
536 3466 733 3555 plebei
759 3464 1248 3555 animadvertant.
1339 3464 1471 3529 mis
1499 3472 1764 3551 potestas
1783 3469 2220 3551 pronunciandi
2248 3470 2626 3539 deliberative
2652 3480 2785 3541 tan-

401 3556 555 3636 tum,
586 3556 666 3619 sit
693 3575 770 3617 ne
797 3551 1114 3639 Philippus
1160 3552 1449 3638 propositi
1494 3553 1758 3617 criminis
1799 3574 1956 3633 reus,
2004 3555 2416 3624 demandatur.
2509 3560 2786 3627 Facultas

400 3650 603 3707 antem
632 3638 890 3706 ferendae
912 3638 1273 3725 judicialiter
1304 3640 1616 3704 sententiae
1644 3638 1925 3705 haeretico
1948 3642 2140 3726 judici
2184 3652 2537 3712 reservatur.
2596 3646 2786 3733 Cujus

393 3728 610 3815 judicii
638 3729 830 3793 forms
854 3726 1032 3791 hodie
1061 3723 1138 3790 ab
1167 3724 1384 3811 Anglis
1414 3725 1624 3791 saltem
1649 3725 1716 3791 in
1746 3724 1993 3791 Iber-nis
2034 3737 2312 3814 corrupta
2355 3737 2483 3796 est:
2530 3755 2787 3818 namque

399 3825 526 3882 tam
557 3816 696 3881 viris
727 3810 1040 3879 duodecim
1092 3812 1270 3897 quam
1311 3810 1502 3897 judici
1541 3812 1644 3896 jus
1695 3810 2073 3893 discutiendi,
2105 3821 2167 3880 et
2196 3818 2568 3885 examinandi
2595 3818 2782 3901 litem,

399 3904 644 3988 verique
690 3898 1017 3984 indagandi
1062 3906 1347 3983 negatur:
1395 3898 1534 3963 cum
1567 3918 1704 3963 reus
1743 3897 1849 3983 (de
1893 3898 2115 3966 Iberno
2160 3903 2393 3988 loquor)
2444 3927 2555 3971 nec
2604 3914 2785 3973 testes

397 3990 745 4079 producere,
775 4009 886 4051 nec
911 3984 1240 4072 patrocinio
1270 3983 1572 4062 causidici,
1599 3984 1694 4049 vel
1715 3985 2045 4073 jurisperiti
2070 3988 2355 4075 adjuvari,
2376 4014 2489 4057 nec
2509 4013 2622 4077 ope
2647 4017 2784 4080 pro-

400 4077 692 4144 curatoris
721 4074 812 4139 uti
842 4073 1066 4159 possit:
1117 4077 1178 4137 et
1213 4076 1410 4136 actore
1453 4072 1690 4137 tantum
1741 4080 2073 4153 accusante,
2120 4076 2214 4141 vel
2243 4100 2365 4144 uno
2393 4086 2566 4159 teste,
2606 4082 2783 4147 etiam

397 4164 662 4242 inimico,
691 4162 786 4227 vel
815 4166 1114 4245 corrupt0,
1143 4158 1471 4244 incognito,
1516 4165 1578 4222 et
1603 4158 1812 4225 infami
1842 4161 1923 4225 sit
1948 4162 2285 4249 Anglorum
2315 4188 2479 4233 more
2500 4166 2783 4234 damnan-

399 4252 533 4317 dus.
623 4250 916 4315 Praeterea
942 4246 1254 4312 duodecim
1281 4244 1396 4309 viri
1421 4244 1488 4309 in
1514 4244 1780 4311 conclavi
1805 4248 1992 4314 clausi
2018 4273 2144 4316 non
2186 4252 2351 4339 prius
2380 4253 2782 4336 dimittuntur,

399 4347 506 4405 sut
535 4337 736 4404 cibum
767 4338 890 4404 sive
918 4340 1130 4420 potum
1160 4354 1366 4417 capere
1393 4338 1666 4417 possunt,
1712 4334 1891 4418 quam
1918 4336 2075 4401 inter
2104 4360 2310 4405 omnes
2338 4342 2637 4421 convenit,
2667 4343 2784 4409 nisi

401 4448 542 4491 cum
573 4424 871 4491 haereticis
897 4420 1264 4506 indulgetur,
1295 4440 1432 4484 cum
1463 4417 1681 4504 quibus
1710 4420 1955 4485 minime
1993 4426 2272 4491 convenit
2301 4426 2553 4507 Ibernis,
2596 4450 2781 4513 quan-

401 4512 480 4578 do
509 4510 689 4577 simul
717 4512 1040 4577 miscentur
1069 4528 1306 4574 causam
1334 4504 1630 4571 Catholici
1658 4506 1731 4571 de
1753 4509 1965 4593 capite,
1988 4510 2081 4574 vel
2110 4512 2367 4578 fortunis
2394 4512 2781 4599 periclitantis

393 4598 738 4684 judicaturi.
854 4597 1025 4663 Tunc
1075 4594 1232 4660 enim
1277 4598 1580 4658 conventu
1624 4592 1892 4673 dimisso,
1922 4594 2213 4663 Catholici
2255 4598 2639 4682 mulctantur,
2668 4627 2781 4671 nec

399 4694 548 4753 tunc
595 4686 855 4764 tantum,
899 4684 1005 4749 sed
1053 4682 1234 4747 etiam
1283 4676 1654 4759 ereberrime,
1683 4680 1821 4745 cssm
1857 4702 2026 4746 reum
2054 4689 2269 4769 praeter
2296 4687 2539 4773 Anglici
2560 4690 2780 4775 judicis

400 4774 770 4841 voluntatem
799 4768 1100 4839 communi
1127 4766 1355 4835 calculo
1399 4764 1738 4833 absolvunt.
1827 4766 1993 4834 Huic
2032 4768 2259 4855 judicio
2300 4772 2591 4842 Catholici
2640 4800 2781 4845 cum

401 4860 818 4947 subjiciuntur,
853 4856 1104 4924 callidus
1129 4854 1450 4922 haereticus
1480 4852 1702 4920 talibus
1731 4853 1927 4921 verbis
1944 4854 2473 4945 interrogationem
2496 4866 2782 4952 concipit,
