<?xml version="1.0" encoding="UTF-8"?>
<!DOCTYPE html PUBLIC "-//W3C//DTD XHTML 1.0 Transitional//EN"
    "http://www.w3.org/TR/xhtml1/DTD/xhtml1-transitional.dtd">
<html xmlns="http://www.w3.org/1999/xhtml" xml:lang="en" lang="en">
 <head>
  <title>
</title>
<meta http-equiv="Content-Type" content="text/html;charset=utf-8" />
  <meta name='ocr-system' content='tesseract 3.04.00' />
  <meta name='ocr-capabilities' content='ocr_page ocr_carea ocr_par ocr_line ocrx_word'/>
</head>
<body>
  <div class='ocr_page' id='page_1' title='image "./historicatholic00kellgoog_0351.png"; bbox 0 0 3634 5842; ppageno 0'>
   <div class='ocr_carea' id='block_1_1' title="bbox 420 683 2796 788">
    <p class='ocr_par' dir='ltr' id='par_1_1' title="bbox 420 683 2796 788">
     <span class='ocr_line' id='line_1_1' title="bbox 420 683 2796 788; baseline 0.001 -19"><span class='ocrx_word' id='word_1_1' title='bbox 420 723 556 770; x_wconf 62' lang='lat' dir='ltr'>car.</span> <span class='ocrx_word' id='word_1_2' title='bbox 590 698 710 788; x_wconf 87' lang='lat' dir='ltr'>1v.]</span> <span class='ocrx_word' id='word_1_3' title='bbox 834 727 918 770; x_wconf 75' lang='lat' dir='ltr'>nn</span> <span class='ocrx_word' id='word_1_4' title='bbox 946 725 1383 785; x_wconf 63' lang='lat' dir='ltr'>mmmmm,</span> <span class='ocrx_word' id='word_1_5' title='bbox 1418 723 1657 778; x_wconf 69' lang='lat' dir='ltr'>Qmwro</span> <span class='ocrx_word' id='word_1_6' title='bbox 1688 725 2176 774; x_wconf 71' lang='lat' dir='ltr'>rnrsncurloms</span> <span class='ocrx_word' id='word_1_7' title='bbox 2206 726 2494 772; x_wconf 64' lang='lat' dir='ltr'>ueneno.</span> <span class='ocrx_word' id='word_1_8' title='bbox 2599 683 2620 718; x_wconf 69' lang='lat'>⁸</span> <span class='ocrx_word' id='word_1_9' title='bbox 2672 707 2796 772; x_wconf 82' lang='lat'>315</span> 
     </span>
    </p>
   </div>
   <div class='ocr_carea' id='block_1_2' title="bbox 373 877 2995 4347">
    <p class='ocr_par' dir='ltr' id='par_1_2' title="bbox 373 877 2995 4347">
     <span class='ocr_line' id='line_1_2' title="bbox 504 877 2800 968; baseline 0.001 -27"><span class='ocrx_word' id='word_1_10' title='bbox 504 877 625 943; x_wconf 85' lang='lat' dir='ltr'>Vix</span> <span class='ocrx_word' id='word_1_11' title='bbox 654 884 951 945; x_wconf 78' lang='lat' dir='ltr'><strong>senatores</strong></span> <span class='ocrx_word' id='word_1_12' title='bbox 994 879 1405 960; x_wconf 87' lang='lat' dir='ltr'>consederunt,</span> <span class='ocrx_word' id='word_1_13' title='bbox 1458 904 1593 946; x_wconf 88' lang='lat' dir='ltr'>cum</span> <span class='ocrx_word' id='word_1_14' title='bbox 1642 881 1942 968; x_wconf 77' lang='lat' dir='ltr'>dispositis</span> <span class='ocrx_word' id='word_1_15' title='bbox 1989 879 2055 944; x_wconf 90' lang='lat' dir='ltr'>in</span> <span class='ocrx_word' id='word_1_16' title='bbox 2101 901 2234 944; x_wconf 86' lang='lat' dir='ltr'>arce</span> <span class='ocrx_word' id='word_1_17' title='bbox 2275 881 2584 946; x_wconf 88' lang='lat' dir='ltr'>tormentis</span> <span class='ocrx_word' id='word_1_18' title='bbox 2613 880 2800 965; x_wconf 81' lang='lat' dir='ltr'>Angli</span> 
     </span>
     <span class='ocr_line' id='line_1_3' title="bbox 422 963 2798 1052; baseline 0.002 -24"><span class='ocrx_word' id='word_1_19' title='bbox 422 963 639 1029; x_wconf 77' lang='lat' dir='ltr'>milites</span> <span class='ocrx_word' id='word_1_20' title='bbox 666 965 731 1030; x_wconf 92' lang='lat' dir='ltr'>in</span> <span class='ocrx_word' id='word_1_21' title='bbox 760 987 973 1051; x_wconf 80' lang='lat' dir='ltr'><strong>agmen</strong></span> <span class='ocrx_word' id='word_1_22' title='bbox 1000 967 1377 1033; x_wconf 87' lang='lat' dir='ltr'>instruuntur</span> <span class='ocrx_word' id='word_1_23' title='bbox 1405 967 1479 1034; x_wconf 87' lang='lat' dir='ltr'>ad</span> <span class='ocrx_word' id='word_1_24' title='bbox 1507 967 1916 1033; x_wconf 89' lang='lat' dir='ltr'>incutiendum</span> <span class='ocrx_word' id='word_1_25' title='bbox 1945 973 2244 1046; x_wconf 88' lang='lat' dir='ltr'>terrorem,</span> <span class='ocrx_word' id='word_1_26' title='bbox 2275 990 2350 1032; x_wconf 90' lang='lat' dir='ltr'>ne</span> <span class='ocrx_word' id='word_1_27' title='bbox 2393 968 2582 1032; x_wconf 78' lang='lat' dir='ltr'>nostri</span> <span class='ocrx_word' id='word_1_28' title='bbox 2609 967 2798 1052; x_wconf 85' lang='lat' dir='ltr'>parla-</span> 
     </span>
     <span class='ocr_line' id='line_1_4' title="bbox 418 1051 2995 1141; baseline -0.001 -27"><span class='ocrx_word' id='word_1_29' title='bbox 418 1051 690 1116; x_wconf 84' lang='lat' dir='ltr'>mentarii</span> <span class='ocrx_word' id='word_1_30' title='bbox 738 1052 1027 1119; x_wconf 80' lang='lat' dir='ltr'>haereticis</span> <span class='ocrx_word' id='word_1_31' title='bbox 1075 1076 1139 1119; x_wconf 89' lang='lat' dir='ltr'>re</span> <span class='ocrx_word' id='word_1_32' title='bbox 1179 1075 1404 1141; x_wconf 85' lang='lat' dir='ltr'>ugnare</span> <span class='ocrx_word' id='word_1_33' title='bbox 1452 1055 1753 1134; x_wconf 80' lang='lat' dir='ltr'>auderent,</span> <span class='ocrx_word' id='word_1_34' title='bbox 1800 1076 1920 1120; x_wconf 91' lang='lat' dir='ltr'>neu</span> <span class='ocrx_word' id='word_1_35' title='bbox 1967 1051 2104 1130; x_wconf 89' lang='lat' dir='ltr'>illis,</span> <span class='ocrx_word' id='word_1_36' title='bbox 2157 1054 2208 1117; x_wconf 91' lang='lat' dir='ltr'>si</span> <span class='ocrx_word' id='word_1_37' title='bbox 2263 1054 2750 1140; x_wconf 78' lang='lat' dir='ltr'>periclitarentur,</span> <span class='ocrx_word' id='word_1_38' title='bbox 2763 1056 2788 1137; x_wconf 77' lang='grc' dir='ltr'>ΙῙ</span> <span class='ocrx_word' id='word_1_39' title='bbox 2815 1062 2995 1128; x_wconf 82' lang='lat'><strong>[243.]</strong></span> 
     </span>
     <span class='ocr_line' id='line_1_5' title="bbox 417 1137 2796 1226; baseline 0.002 -26"><span class='ocrx_word' id='word_1_40' title='bbox 417 1137 701 1222; x_wconf 75' lang='lat' dir='ltr'>oppidani</span> <span class='ocrx_word' id='word_1_41' title='bbox 727 1145 973 1224; x_wconf 83' lang='lat' dir='ltr'>possent</span> <span class='ocrx_word' id='word_1_42' title='bbox 998 1141 1133 1205; x_wconf 85' lang='lat' dir='ltr'>auxi</span> <span class='ocrx_word' id='word_1_43' title='bbox 1164 1141 1217 1206; x_wconf 87' lang='lat' dir='ltr'>&#39;o</span> <span class='ocrx_word' id='word_1_44' title='bbox 1245 1143 1461 1207; x_wconf 89' lang='lat' dir='ltr'>venire.</span> <span class='ocrx_word' id='word_1_45' title='bbox 1549 1141 1628 1206; x_wconf 89' lang='lat' dir='ltr'>In</span> <span class='ocrx_word' id='word_1_46' title='bbox 1685 1141 1779 1206; x_wconf 90' lang='lat' dir='ltr'>his</span> <span class='ocrx_word' id='word_1_47' title='bbox 1808 1140 2098 1226; x_wconf 83' lang='lat' dir='ltr'>angustiis</span> <span class='ocrx_word' id='word_1_48' title='bbox 2129 1142 2313 1206; x_wconf 87' lang='lat' dir='ltr'>nostri</span> <span class='ocrx_word' id='word_1_49' title='bbox 2344 1147 2640 1206; x_wconf 80' lang='lat' dir='ltr'>senatores</span> <span class='ocrx_word' id='word_1_50' title='bbox 2669 1163 2796 1205; x_wconf 87' lang='lat' dir='ltr'>ver-</span> 
     </span>
     <span class='ocr_line' id='line_1_6' title="bbox 416 1225 2794 1313; baseline 0.002 -26"><span class='ocrx_word' id='word_1_51' title='bbox 416 1225 529 1290; x_wconf 80' lang='lat' dir='ltr'>sati</span> <span class='ocrx_word' id='word_1_52' title='bbox 558 1246 669 1290; x_wconf 89' lang='lat' dir='ltr'>nec</span> <span class='ocrx_word' id='word_1_53' title='bbox 696 1225 988 1312; x_wconf 89' lang='lat' dir='ltr'>putabant</span> <span class='ocrx_word' id='word_1_54' title='bbox 1013 1227 1357 1313; x_wconf 81' lang='lat' dir='ltr'>religionem</span> <span class='ocrx_word' id='word_1_55' title='bbox 1386 1227 1751 1294; x_wconf 82' lang='lat' dir='ltr'>Catholicam</span> <span class='ocrx_word' id='word_1_56' title='bbox 1781 1227 2044 1293; x_wconf 88' lang='lat' dir='ltr'>deserere</span> <span class='ocrx_word' id='word_1_57' title='bbox 2070 1253 2083 1292; x_wconf 73' lang='grc' dir='ltr'><strong>ε</strong></span> <span class='ocrx_word' id='word_1_58' title='bbox 2114 1249 2225 1291; x_wconf 87' lang='lat' dir='ltr'>nec</span> <span class='ocrx_word' id='word_1_59' title='bbox 2255 1227 2626 1306; x_wconf 80' lang='lat' dir='ltr'>dubitabant,</span> <span class='ocrx_word' id='word_1_60' title='bbox 2649 1228 2794 1313; x_wconf 90' lang='lat' dir='ltr'>quin</span> 
     </span>
     <span class='ocr_line' id='line_1_7' title="bbox 414 1311 2794 1403; baseline 0.002 -27"><span class='ocrx_word' id='word_1_61' title='bbox 414 1317 571 1376; x_wconf 77' lang='lat' dir='ltr'>esset</span> <span class='ocrx_word' id='word_1_62' title='bbox 598 1311 713 1378; x_wconf 87' lang='lat' dir='ltr'>sibi</span> <span class='ocrx_word' id='word_1_63' title='bbox 740 1335 900 1379; x_wconf 87' lang='lat' dir='ltr'>mors</span> <span class='ocrx_word' id='word_1_64' title='bbox 928 1313 1253 1380; x_wconf 87' lang='lat' dir='ltr'>subeunda.</span> <span class='ocrx_word' id='word_1_65' title='bbox 1342 1314 1665 1403; x_wconf 72' lang='lat' dir='ltr'>Oppidani,</span> <span class='ocrx_word' id='word_1_66' title='bbox 1698 1321 1759 1378; x_wconf 92' lang='lat' dir='ltr'>et</span> <span class='ocrx_word' id='word_1_67' title='bbox 1804 1314 2053 1398; x_wconf 90' lang='lat' dir='ltr'>equites,</span> <span class='ocrx_word' id='word_1_68' title='bbox 2085 1313 2190 1396; x_wconf 88' lang='lat' dir='ltr'>qui</span> <span class='ocrx_word' id='word_1_69' title='bbox 2218 1336 2291 1378; x_wconf 89' lang='lat' dir='ltr'>ex</span> <span class='ocrx_word' id='word_1_70' title='bbox 2320 1313 2597 1379; x_wconf 89' lang='lat' dir='ltr'>omnibus</span> <span class='ocrx_word' id='word_1_71' title='bbox 2625 1315 2794 1398; x_wconf 86' lang='lat' dir='ltr'>regni</span> 
     </span>
     <span class='ocr_line' id='line_1_8' title="bbox 413 1397 2793 1487; baseline 0.002 -25"><span class='ocrx_word' id='word_1_72' title='bbox 413 1397 683 1482; x_wconf 89' lang='lat' dir='ltr'>partibus</span> <span class='ocrx_word' id='word_1_73' title='bbox 711 1407 1126 1481; x_wconf 89' lang='lat' dir='ltr'>convenerant,</span> <span class='ocrx_word' id='word_1_74' title='bbox 1174 1401 1319 1487; x_wconf 90' lang='lat' dir='ltr'>quid</span> <span class='ocrx_word' id='word_1_75' title='bbox 1364 1409 1510 1466; x_wconf 84' lang='lat' dir='ltr'>tunc</span> <span class='ocrx_word' id='word_1_76' title='bbox 1559 1399 2011 1486; x_wconf 77' lang='lat' dir='ltr'>excogitarent?</span> <span class='ocrx_word' id='word_1_77' title='bbox 2099 1399 2322 1465; x_wconf 88' lang='lat' dir='ltr'>Nonne</span> <span class='ocrx_word' id='word_1_78' title='bbox 2351 1401 2424 1464; x_wconf 90' lang='lat' dir='ltr'>de</span> <span class='ocrx_word' id='word_1_79' title='bbox 2453 1407 2793 1466; x_wconf 83' lang='lat' dir='ltr'>senatorum</span> 
     </span>
     <span class='ocr_line' id='line_1_9' title="bbox 412 1486 2788 1572; baseline 0.001 -24"><span class='ocrx_word' id='word_1_80' title='bbox 412 1491 603 1550; x_wconf 85' lang='lat' dir='ltr'>morte</span> <span class='ocrx_word' id='word_1_81' title='bbox 629 1486 1031 1554; x_wconf 82' lang='lat' dir='ltr'>vindicanda?</span> <span class='ocrx_word' id='word_1_82' title='bbox 1122 1488 1242 1554; x_wconf 90' lang='lat' dir='ltr'>Hic</span> <span class='ocrx_word' id='word_1_83' title='bbox 1270 1510 1475 1554; x_wconf 87' lang='lat' dir='ltr'>omnes</span> <span class='ocrx_word' id='word_1_84' title='bbox 1525 1487 1746 1566; x_wconf 88' lang='lat' dir='ltr'>Iberni,</span> <span class='ocrx_word' id='word_1_85' title='bbox 1779 1487 1884 1572; x_wconf 90' lang='lat' dir='ltr'>qui</span> <span class='ocrx_word' id='word_1_86' title='bbox 1930 1487 2203 1552; x_wconf 84' lang='lat' dir='ltr'>factionis</span> <span class='ocrx_word' id='word_1_87' title='bbox 2240 1486 2510 1572; x_wconf 82' lang='lat' dir='ltr'>Anglicae</span> <span class='ocrx_word' id='word_1_88' title='bbox 2537 1487 2788 1566; x_wconf 87' lang='lat' dir='ltr'>fuerant,</span> 
     </span>
     <span class='ocr_line' id='line_1_10' title="bbox 410 1570 2791 1661; baseline 0.002 -27"><span class='ocrx_word' id='word_1_89' title='bbox 410 1570 475 1634; x_wconf 80' lang='lat' dir='ltr'>ni</span> <span class='ocrx_word' id='word_1_90' title='bbox 512 1593 607 1637; x_wconf 92' lang='lat' dir='ltr'>me</span> <span class='ocrx_word' id='word_1_91' title='bbox 654 1575 993 1660; x_wconf 84' lang='lat' dir='ltr'>conjectura</span> <span class='ocrx_word' id='word_1_92' title='bbox 1037 1574 1208 1655; x_wconf 85' lang='lat' dir='ltr'>fallit,</span> <span class='ocrx_word' id='word_1_93' title='bbox 1256 1574 1561 1641; x_wconf 76' lang='lat' dir='ltr'>Iber-nicos</span> <span class='ocrx_word' id='word_1_94' title='bbox 1593 1573 1934 1661; x_wconf 61' lang='lat' dir='ltr'>principes*</span> <span class='ocrx_word' id='word_1_95' title='bbox 2001 1572 2290 1651; x_wconf 88' lang='lat' dir='ltr'>lorabant,</span> <span class='ocrx_word' id='word_1_96' title='bbox 2339 1574 2442 1658; x_wconf 82' lang='lat' dir='ltr'>qui</span> <span class='ocrx_word' id='word_1_97' title='bbox 2483 1595 2791 1658; x_wconf 85' lang='lat' dir='ltr'>nunquam</span> 
     </span>
     <span class='ocr_line' id='line_1_11' title="bbox 408 1645 2791 1747; baseline 0.002 -25"><span class='ocrx_word' id='word_1_98' title='bbox 408 1645 645 1726; x_wconf 74' lang='lat' dir='ltr'>fuerant</span> <span class='ocrx_word' id='word_1_99' title='bbox 670 1662 849 1746; x_wconf 84' lang='lat' dir='ltr'>passi,</span> <span class='ocrx_word' id='word_1_100' title='bbox 878 1668 949 1726; x_wconf 92' lang='lat' dir='ltr'>ut</span> <span class='ocrx_word' id='word_1_101' title='bbox 976 1662 1041 1726; x_wconf 90' lang='lat' dir='ltr'>in</span> <span class='ocrx_word' id='word_1_102' title='bbox 1068 1668 1264 1727; x_wconf 83' lang='lat' dir='ltr'>tantas</span> <span class='ocrx_word' id='word_1_103' title='bbox 1294 1663 1597 1747; x_wconf 85' lang='lat' dir='ltr'>angustias</span> <span class='ocrx_word' id='word_1_104' title='bbox 1626 1659 1833 1745; x_wconf 89' lang='lat' dir='ltr'>religio</span> <span class='ocrx_word' id='word_1_105' title='bbox 1862 1659 1975 1724; x_wconf 86' lang='lat' dir='ltr'>Cat</span> <span class='ocrx_word' id='word_1_106' title='bbox 2017 1659 2165 1726; x_wconf 90' lang='lat' dir='ltr'>olica</span> <span class='ocrx_word' id='word_1_107' title='bbox 2194 1659 2599 1726; x_wconf 82' lang='lat' dir='ltr'>adduceretur.</span> <span class='ocrx_word' id='word_1_108' title='bbox 2669 1660 2791 1726; x_wconf 89' lang='lat' dir='ltr'>Hic</span> 
     </span>
     <span class='ocr_line' id='line_1_12' title="bbox 406 1745 2790 1834; baseline 0.002 -26"><span class='ocrx_word' id='word_1_109' title='bbox 406 1762 471 1809; x_wconf 75' lang='lat' dir='ltr'>sc</span> <span class='ocrx_word' id='word_1_110' title='bbox 498 1745 659 1830; x_wconf 87' lang='lat' dir='ltr'>ipsos</span> <span class='ocrx_word' id='word_1_111' title='bbox 688 1746 815 1812; x_wconf 72' lang='lat' dir='ltr'>dire</span> <span class='ocrx_word' id='word_1_112' title='bbox 844 1746 1288 1828; x_wconf 86' lang='lat' dir='ltr'>execrabantur,</span> <span class='ocrx_word' id='word_1_113' title='bbox 1320 1747 1477 1834; x_wconf 90' lang='lat' dir='ltr'>quod</span> <span class='ocrx_word' id='word_1_114' title='bbox 1507 1747 1644 1812; x_wconf 86' lang='lat' dir='ltr'>fidei</span> <span class='ocrx_word' id='word_1_115' title='bbox 1667 1747 2019 1825; x_wconf 82' lang='lat' dir='ltr'>defensores,</span> <span class='ocrx_word' id='word_1_116' title='bbox 2043 1753 2474 1831; x_wconf 87' lang='lat' dir='ltr'>assertoresque</span> <span class='ocrx_word' id='word_1_117' title='bbox 2501 1745 2790 1812; x_wconf 88' lang='lat' dir='ltr'>libertatis</span> 
     </span>
     <span class='ocr_line' id='line_1_13' title="bbox 408 1827 2792 1924; baseline 0.002 -30"><span class='ocrx_word' id='word_1_118' title='bbox 408 1827 752 1919; x_wconf 83' lang='lat' dir='ltr'>inexpiabili</span> <span class='ocrx_word' id='word_1_119' title='bbox 781 1834 919 1900; x_wconf 92' lang='lat' dir='ltr'>odio</span> <span class='ocrx_word' id='word_1_120' title='bbox 969 1836 1193 1900; x_wconf 83' lang='lat' dir='ltr'>fuerint</span> <span class='ocrx_word' id='word_1_121' title='bbox 1240 1836 1557 1924; x_wconf 89' lang='lat' dir='ltr'>prosecuti,</span> <span class='ocrx_word' id='word_1_122' title='bbox 1608 1834 2137 1918; x_wconf 66' lang='lat' dir='ltr'>haereticorumque</span> <span class='ocrx_word' id='word_1_123' title='bbox 2166 1841 2360 1919; x_wconf 86' lang='lat' dir='ltr'>partes</span> <span class='ocrx_word' id='word_1_124' title='bbox 2390 1833 2597 1912; x_wconf 87' lang='lat' dir='ltr'>secuti,</span> <span class='ocrx_word' id='word_1_125' title='bbox 2641 1833 2792 1898; x_wconf 72' lang='lat' dir='ltr'>falsa</span> 
     </span>
     <span class='ocr_line' id='line_1_14' title="bbox 408 1921 2790 2008; baseline 0.002 -27"><span class='ocrx_word' id='word_1_126' title='bbox 408 1937 638 2005; x_wconf 83' lang='lat' dir='ltr'>semper</span> <span class='ocrx_word' id='word_1_127' title='bbox 666 1922 945 2006; x_wconf 87' lang='lat' dir='ltr'>opinione</span> <span class='ocrx_word' id='word_1_128' title='bbox 974 1922 1221 2008; x_wconf 86' lang='lat' dir='ltr'>decepti.</span> <span class='ocrx_word' id='word_1_129' title='bbox 1312 1921 1433 1988; x_wconf 91' lang='lat' dir='ltr'>Hic</span> <span class='ocrx_word' id='word_1_130' title='bbox 1482 1927 1607 1988; x_wconf 87' lang='lat' dir='ltr'>erat</span> <span class='ocrx_word' id='word_1_131' title='bbox 1656 1943 1855 1986; x_wconf 86' lang='lat' dir='ltr'>rerum</span> <span class='ocrx_word' id='word_1_132' title='bbox 1905 1925 2114 1998; x_wconf 79' lang='lat' dir='ltr'>status,</span> <span class='ocrx_word' id='word_1_133' title='bbox 2144 1921 2390 2006; x_wconf 77' lang='lat' dir='ltr'>haecque</span> <span class='ocrx_word' id='word_1_134' title='bbox 2423 1921 2620 1999; x_wconf 84' lang='lat' dir='ltr'>facies,</span> <span class='ocrx_word' id='word_1_135' title='bbox 2650 1942 2790 1985; x_wconf 89' lang='lat' dir='ltr'>cum</span> 
     </span>
     <span class='ocr_line' id='line_1_15' title="bbox 402 1999 2788 2095; baseline 0.002 -27"><span class='ocrx_word' id='word_1_136' title='bbox 402 1999 467 2068; x_wconf 83' lang='lat' dir='ltr'>in</span> <span class='ocrx_word' id='word_1_137' title='bbox 497 2006 633 2071; x_wconf 68' lang='lat' dir='ltr'>aula</span> <span class='ocrx_word' id='word_1_138' title='bbox 651 2008 927 2073; x_wconf 73' lang='lat' dir='ltr'>inferiore</span> <span class='ocrx_word' id='word_1_139' title='bbox 956 2031 1105 2074; x_wconf 88' lang='lat' dir='ltr'>unas</span> <span class='ocrx_word' id='word_1_140' title='bbox 1134 2031 1207 2074; x_wconf 93' lang='lat' dir='ltr'>ex</span> <span class='ocrx_word' id='word_1_141' title='bbox 1256 2009 1448 2074; x_wconf 88' lang='lat' dir='ltr'>tribus</span> <span class='ocrx_word' id='word_1_142' title='bbox 1494 2008 1674 2094; x_wconf 86' lang='lat' dir='ltr'>regiis</span> <span class='ocrx_word' id='word_1_143' title='bbox 1712 2005 2014 2095; x_wconf 88' lang='lat' dir='ltr'>judicibus</span> <span class='ocrx_word' id='word_1_144' title='bbox 2059 2008 2384 2073; x_wconf 86' lang='lat' dir='ltr'>orationem</span> <span class='ocrx_word' id='word_1_145' title='bbox 2411 2007 2788 2093; x_wconf 89' lang='lat' dir='ltr'>longitudine</span> 
     </span>
     <span class='ocr_line' id='line_1_16' title="bbox 400 2093 2788 2182; baseline 0.001 -26"><span class='ocrx_word' id='word_1_146' title='bbox 400 2093 705 2158; x_wconf 64' lang='lat' dir='ltr'>taediosam</span> <span class='ocrx_word' id='word_1_147' title='bbox 756 2095 996 2182; x_wconf 90' lang='lat' dir='ltr'>incepit,</span> <span class='ocrx_word' id='word_1_148' title='bbox 1046 2096 1311 2175; x_wconf 89' lang='lat' dir='ltr'>laudans,</span> <span class='ocrx_word' id='word_1_149' title='bbox 1364 2103 1426 2161; x_wconf 88' lang='lat' dir='ltr'>et</span> <span class='ocrx_word' id='word_1_150' title='bbox 1475 2094 1894 2162; x_wconf 80' lang='lat' dir='ltr'>commendans</span> <span class='ocrx_word' id='word_1_151' title='bbox 1943 2094 2006 2158; x_wconf 92' lang='lat' dir='ltr'>in</span> <span class='ocrx_word' id='word_1_152' title='bbox 2056 2094 2466 2179; x_wconf 87' lang='lat' dir='ltr'>magistratum</span> <span class='ocrx_word' id='word_1_153' title='bbox 2494 2093 2788 2159; x_wconf 82' lang='lat' dir='ltr'>inferioris</span> 
     </span>
     <span class='ocr_line' id='line_1_17' title="bbox 400 2178 2784 2268; baseline 0.002 -26"><span class='ocrx_word' id='word_1_154' title='bbox 400 2179 549 2244; x_wconf 76' lang='lat' dir='ltr'>aulae</span> <span class='ocrx_word' id='word_1_155' title='bbox 578 2181 835 2266; x_wconf 88' lang='lat' dir='ltr'>equitem</span> <span class='ocrx_word' id='word_1_156' title='bbox 864 2183 1129 2268; x_wconf 83' lang='lat' dir='ltr'>Anglum</span> <span class='ocrx_word' id='word_1_157' title='bbox 1163 2183 1265 2268; x_wconf 92' lang='lat' dir='ltr'>qui</span> <span class='ocrx_word' id='word_1_158' title='bbox 1314 2181 1357 2246; x_wconf 88' lang='lat' dir='ltr'><strong>J</strong></span> <span class='ocrx_word' id='word_1_159' title='bbox 1358 2205 1580 2247; x_wconf 87' lang='lat' dir='ltr'>oannes</span> <span class='ocrx_word' id='word_1_160' title='bbox 1628 2181 1813 2247; x_wconf 83' lang='lat' dir='ltr'>Davis</span> <span class='ocrx_word' id='word_1_161' title='bbox 1861 2180 2200 2261; x_wconf 88' lang='lat' dir='ltr'>vocabatur,</span> <span class='ocrx_word' id='word_1_162' title='bbox 2230 2180 2573 2246; x_wconf 84' lang='lat' dir='ltr'>haereticum</span> <span class='ocrx_word' id='word_1_163' title='bbox 2601 2178 2784 2247; x_wconf 91' lang='lat' dir='ltr'>obsti-</span> 
     </span>
     <span class='ocr_line' id='line_1_18' title="bbox 401 2265 2782 2354; baseline 0.001 -25"><span class='ocrx_word' id='word_1_164' title='bbox 401 2267 791 2347; x_wconf 85' lang='lat' dir='ltr'>natissimum,</span> <span class='ocrx_word' id='word_1_165' title='bbox 822 2275 1001 2354; x_wconf 88' lang='lat' dir='ltr'>atque</span> <span class='ocrx_word' id='word_1_166' title='bbox 1030 2270 1204 2335; x_wconf 87' lang='lat' dir='ltr'>etiam</span> <span class='ocrx_word' id='word_1_167' title='bbox 1233 2268 1691 2348; x_wconf 88' lang='lat' dir='ltr'>Catholieorum,</span> <span class='ocrx_word' id='word_1_168' title='bbox 1723 2275 1785 2333; x_wconf 92' lang='lat' dir='ltr'>et</span> <span class='ocrx_word' id='word_1_169' title='bbox 1810 2267 2002 2332; x_wconf 89' lang='lat' dir='ltr'>totius</span> <span class='ocrx_word' id='word_1_170' title='bbox 2027 2265 2284 2332; x_wconf 84' lang='lat' dir='ltr'>Iberniae</span> <span class='ocrx_word' id='word_1_171' title='bbox 2314 2268 2547 2333; x_wconf 89' lang='lat' dir='ltr'>hostem</span> <span class='ocrx_word' id='word_1_172' title='bbox 2575 2269 2782 2332; x_wconf 89' lang='lat' dir='ltr'>acerri-</span> 
     </span>
     <span class='ocr_line' id='line_1_19' title="bbox 400 2354 2782 2441; baseline 0.002 -26"><span class='ocrx_word' id='word_1_173' title='bbox 400 2371 565 2417; x_wconf 90' lang='lat' dir='ltr'>mum</span> <span class='ocrx_word' id='word_1_174' title='bbox 571 2379 591 2432; x_wconf 80' lang='lat'>3</span> <span class='ocrx_word' id='word_1_175' title='bbox 616 2356 866 2420; x_wconf 88' lang='lat' dir='ltr'>orationi</span> <span class='ocrx_word' id='word_1_176' title='bbox 889 2357 1068 2421; x_wconf 89' lang='lat' dir='ltr'>finem</span> <span class='ocrx_word' id='word_1_177' title='bbox 1086 2357 1356 2441; x_wconf 89' lang='lat' dir='ltr'>imponit,</span> <span class='ocrx_word' id='word_1_178' title='bbox 1378 2355 1548 2420; x_wconf 90' lang='lat' dir='ltr'>illum</span> <span class='ocrx_word' id='word_1_179' title='bbox 1572 2355 1719 2422; x_wconf 82' lang='lat' dir='ltr'>aulae</span> <span class='ocrx_word' id='word_1_180' title='bbox 1741 2354 2049 2440; x_wconf 80' lang='lat' dir='ltr'>praesidem</span> <span class='ocrx_word' id='word_1_181' title='bbox 2069 2355 2400 2420; x_wconf 79' lang='lat' dir='ltr'>nominanS.</span> <span class='ocrx_word' id='word_1_182' title='bbox 2441 2354 2612 2419; x_wconf 90' lang='lat' dir='ltr'>Idem</span> <span class='ocrx_word' id='word_1_183' title='bbox 2636 2377 2782 2439; x_wconf 90' lang='lat' dir='ltr'>quo-</span> 
     </span>
     <span class='ocr_line' id='line_1_20' title="bbox 399 2441 2782 2527; baseline 0.002 -24"><span class='ocrx_word' id='word_1_184' title='bbox 399 2455 515 2522; x_wconf 89' lang='lat' dir='ltr'>que</span> <span class='ocrx_word' id='word_1_185' title='bbox 544 2441 725 2505; x_wconf 88' lang='lat' dir='ltr'>sentit</span> <span class='ocrx_word' id='word_1_186' title='bbox 743 2463 878 2527; x_wconf 82' lang='lat' dir='ltr'>pars</span> <span class='ocrx_word' id='word_1_187' title='bbox 893 2441 1082 2527; x_wconf 88' lang='lat' dir='ltr'>major</span> <span class='ocrx_word' id='word_1_188' title='bbox 1100 2443 1507 2508; x_wconf 65' lang='lat' dir='ltr'>haereticorum</span> <span class='ocrx_word' id='word_1_189' title='bbox 1528 2443 1844 2507; x_wconf 80' lang='lat' dir='ltr'>confusum</span> <span class='ocrx_word' id='word_1_190' title='bbox 1862 2441 2176 2506; x_wconf 85' lang='lat' dir='ltr'>clamorem</span> <span class='ocrx_word' id='word_1_191' title='bbox 2197 2442 2460 2506; x_wconf 85' lang='lat' dir='ltr'>efferens.</span> <span class='ocrx_word' id='word_1_192' title='bbox 2522 2441 2726 2506; x_wconf 88' lang='lat' dir='ltr'>Iberni</span> <span class='ocrx_word' id='word_1_193' title='bbox 2748 2465 2782 2508; x_wconf 91' lang='lat' dir='ltr'>e</span> 
     </span>
     <span class='ocr_line' id='line_1_21' title="bbox 396 2526 2781 2698; baseline 0.002 -23"><span class='ocrx_word' id='word_1_194' title='bbox 396 2526 1268 2698; x_wconf 50' lang='grc' dir='ltr'>ἑίῗῖἓιὲζέἰᾞζὲᾘῗιίἓῗ</span> <span class='ocrx_word' id='word_1_195' title='bbox 1278 2527 1687 2698; x_wconf 59' lang='grc' dir='ltr'>ἐέἕῑῖἓξὲἶῐῃ</span> <span class='ocrx_word' id='word_1_196' title='bbox 1740 2527 2781 2679; x_wconf 53' lang='grc' dir='ltr'>“ἒῗ,ἷιηῗὶἓ“ῑὲῗ.ῗὲίΐιῗέήέῗῖ“ἓιῗῗὲ</span> 
     </span>
     <span class='ocr_line' id='line_1_22' title="bbox 392 2663 2778 2786; baseline 0.001 -24"><span class='ocrx_word' id='word_1_197' title='bbox 392 2717 539 2762; x_wconf 82' lang='lat' dir='ltr'>voce</span> <span class='ocrx_word' id='word_1_198' title='bbox 578 2697 968 2766; x_wconf 79' lang='lat' dir='ltr'>obtestantur.</span> <span class='ocrx_word' id='word_1_199' title='bbox 1054 2698 1281 2786; x_wconf 88' lang='lat' dir='ltr'>Ingens</span> <span class='ocrx_word' id='word_1_200' title='bbox 1330 2701 1608 2785; x_wconf 89' lang='lat' dir='ltr'>utrinque</span> <span class='ocrx_word' id='word_1_201' title='bbox 1659 2699 1879 2763; x_wconf 85' lang='lat' dir='ltr'>clamor</span> <span class='ocrx_word' id='word_1_202' title='bbox 1922 2705 2014 2763; x_wconf 88' lang='lat' dir='ltr'>est</span> <span class='ocrx_word' id='word_1_203' title='bbox 2069 2699 2420 2777; x_wconf 85' lang='lat' dir='ltr'>concitatus,</span> <span class='ocrx_word' id='word_1_204' title='bbox 2473 2663 2582 2782; x_wconf 61' lang='lat' dir='ltr'>’qui</span> <span class='ocrx_word' id='word_1_205' title='bbox 2640 2721 2778 2764; x_wconf 89' lang='lat' dir='ltr'>cum</span> 
     </span>
     <span class='ocr_line' id='line_1_23' title="bbox 391 2778 2776 2872; baseline 0 -22"><span class='ocrx_word' id='word_1_206' title='bbox 391 2778 603 2850; x_wconf 72' lang='lat' dir='ltr'>finisset</span> <span class='ocrx_word' id='word_1_207' title='bbox 630 2785 887 2866; x_wconf 87' lang='lat' dir='ltr'>sedatus,</span> <span class='ocrx_word' id='word_1_208' title='bbox 920 2809 1097 2872; x_wconf 89' lang='lat' dir='ltr'>eques</span> <span class='ocrx_word' id='word_1_209' title='bbox 1143 2785 1397 2852; x_wconf 88' lang='lat' dir='ltr'>Ibernus</span> <span class='ocrx_word' id='word_1_210' title='bbox 1426 2785 1697 2851; x_wconf 68' lang='lat' dir='ltr'>doctrina</span> <span class='ocrx_word' id='word_1_211' title='bbox 1723 2792 1785 2850; x_wconf 91' lang='lat' dir='ltr'>et</span> <span class='ocrx_word' id='word_1_212' title='bbox 1812 2785 2158 2850; x_wconf 84' lang='lat' dir='ltr'>auctoritate</span> <span class='ocrx_word' id='word_1_213' title='bbox 2195 2786 2410 2869; x_wconf 85' lang='lat' dir='ltr'>gravis,</span> <span class='ocrx_word' id='word_1_214' title='bbox 2445 2791 2485 2819; x_wconf 93' lang='lat'><strong><em>“</em></strong></span> <span class='ocrx_word' id='word_1_215' title='bbox 2503 2807 2776 2870; x_wconf 89' lang='lat' dir='ltr'>superva-</span> 
     </span>
     <span class='ocr_line' id='line_1_24' title="bbox 394 2870 2770 2960; baseline 0 -24"><span class='ocrx_word' id='word_1_216' title='bbox 394 2889 592 2951; x_wconf 84' lang='lat' dir='ltr'>canea,</span> <span class='ocrx_word' id='word_1_217' title='bbox 623 2874 840 2959; x_wconf 91' lang='lat' dir='ltr'>inquit,</span> <span class='ocrx_word' id='word_1_218' title='bbox 870 2880 932 2939; x_wconf 92' lang='lat' dir='ltr'>et</span> <span class='ocrx_word' id='word_1_219' title='bbox 959 2880 1315 2960; x_wconf 81' lang='lat' dir='ltr'>praepostera</span> <span class='ocrx_word' id='word_1_220' title='bbox 1342 2880 1434 2938; x_wconf 88' lang='lat' dir='ltr'>est</span> <span class='ocrx_word' id='word_1_221' title='bbox 1460 2871 1587 2938; x_wconf 79' lang='lat' dir='ltr'>haec</span> <span class='ocrx_word' id='word_1_222' title='bbox 1617 2871 1689 2937; x_wconf 89' lang='lat' dir='ltr'>de</span> <span class='ocrx_word' id='word_1_223' title='bbox 1718 2870 1994 2958; x_wconf 84' lang='lat' dir='ltr'>eligendo</span> <span class='ocrx_word' id='word_1_224' title='bbox 2023 2872 2375 2958; x_wconf 85' lang='lat' dir='ltr'>magistratu</span> <span class='ocrx_word' id='word_1_225' title='bbox 2403 2870 2770 2956; x_wconf 88' lang='lat' dir='ltr'>disceptatio.</span> 
     </span>
     <span class='ocr_line' id='line_1_25' title="bbox 386 2953 2773 3046; baseline 0 -24"><span class='ocrx_word' id='word_1_226' title='bbox 386 2953 559 3024; x_wconf 91' lang='lat' dir='ltr'>Licet</span> <span class='ocrx_word' id='word_1_227' title='bbox 610 2959 652 3024; x_wconf 87' lang='lat' dir='ltr'><strong>J</strong></span> <span class='ocrx_word' id='word_1_228' title='bbox 654 2983 873 3026; x_wconf 85' lang='lat' dir='ltr'>oannes</span> <span class='ocrx_word' id='word_1_229' title='bbox 923 2961 1108 3026; x_wconf 86' lang='lat' dir='ltr'>Davis</span> <span class='ocrx_word' id='word_1_230' title='bbox 1159 2960 1378 3046; x_wconf 85' lang='lat' dir='ltr'>dignus</span> <span class='ocrx_word' id='word_1_231' title='bbox 1422 2959 1520 3039; x_wconf 87' lang='lat' dir='ltr'>sit,</span> <span class='ocrx_word' id='word_1_232' title='bbox 1569 2961 1671 3044; x_wconf 91' lang='lat' dir='ltr'>qui</span> <span class='ocrx_word' id='word_1_233' title='bbox 1714 2958 1810 3022; x_wconf 86' lang='lat' dir='ltr'>his</span> <span class='ocrx_word' id='word_1_234' title='bbox 1853 2955 2128 3023; x_wconf 86' lang='lat' dir='ltr'>omnibus</span> <span class='ocrx_word' id='word_1_235' title='bbox 2159 2956 2299 3022; x_wconf 86' lang='lat' dir='ltr'>viris</span> <span class='ocrx_word' id='word_1_236' title='bbox 2326 2956 2679 3037; x_wconf 87' lang='lat' dir='ltr'>clarissimis,</span> <span class='ocrx_word' id='word_1_237' title='bbox 2712 2969 2773 3023; x_wconf 91' lang='lat' dir='ltr'>et</span> 
     </span>
     <span class='ocr_line' id='line_1_26' title="bbox 388 3043 2770 3133; baseline 0 -23"><span class='ocrx_word' id='word_1_238' title='bbox 388 3043 528 3112; x_wconf 85' lang='lat' dir='ltr'>huic</span> <span class='ocrx_word' id='word_1_239' title='bbox 553 3049 785 3113; x_wconf 84' lang='lat' dir='ltr'>senatui</span> <span class='ocrx_word' id='word_1_240' title='bbox 812 3047 1224 3113; x_wconf 89' lang='lat' dir='ltr'>florentissimo</span> <span class='ocrx_word' id='word_1_241' title='bbox 1275 3047 1509 3133; x_wconf 82' lang='lat' dir='ltr'>praesit3</span> <span class='ocrx_word' id='word_1_242' title='bbox 1554 3044 1785 3131; x_wconf 82' lang='lat' dir='ltr'>legibus</span> <span class='ocrx_word' id='word_1_243' title='bbox 1821 3051 2041 3124; x_wconf 88' lang='lat' dir='ltr'>tamen,</span> <span class='ocrx_word' id='word_1_244' title='bbox 2072 3050 2134 3109; x_wconf 88' lang='lat' dir='ltr'>et</span> <span class='ocrx_word' id='word_1_245' title='bbox 2169 3045 2458 3132; x_wconf 86' lang='lat' dir='ltr'>majorum</span> <span class='ocrx_word' id='word_1_246' title='bbox 2501 3044 2770 3132; x_wconf 87' lang='lat' dir='ltr'>exemplo</span> 
     </span>
     <span class='ocr_line' id='line_1_27' title="bbox 388 3129 2769 3220; baseline 0 -23"><span class='ocrx_word' id='word_1_247' title='bbox 388 3141 693 3220; x_wconf 80' lang='lat' dir='ltr'>receptum</span> <span class='ocrx_word' id='word_1_248' title='bbox 722 3143 831 3215; x_wconf 85' lang='lat' dir='ltr'>est,</span> <span class='ocrx_word' id='word_1_249' title='bbox 860 3142 931 3199; x_wconf 91' lang='lat' dir='ltr'>ut</span> <span class='ocrx_word' id='word_1_250' title='bbox 976 3135 1179 3200; x_wconf 89' lang='lat' dir='ltr'>nullus</span> <span class='ocrx_word' id='word_1_251' title='bbox 1228 3135 1389 3200; x_wconf 88' lang='lat' dir='ltr'>hunc</span> <span class='ocrx_word' id='word_1_252' title='bbox 1438 3133 1834 3219; x_wconf 88' lang='lat' dir='ltr'>principatum</span> <span class='ocrx_word' id='word_1_253' title='bbox 1885 3131 2169 3212; x_wconf 90' lang='lat' dir='ltr'>obtineat,</span> <span class='ocrx_word' id='word_1_254' title='bbox 2222 3131 2357 3210; x_wconf 88' lang='lat' dir='ltr'>nisi,</span> <span class='ocrx_word' id='word_1_255' title='bbox 2388 3131 2492 3216; x_wconf 91' lang='lat' dir='ltr'>qui</span> <span class='ocrx_word' id='word_1_256' title='bbox 2531 3129 2645 3195; x_wconf 72' lang='lat' dir='ltr'>rite</span> <span class='ocrx_word' id='word_1_257' title='bbox 2689 3131 2769 3197; x_wconf 91' lang='lat' dir='ltr'>sit</span> 
     </span>
     <span class='ocr_line' id='line_1_28' title="bbox 386 3213 2767 3308; baseline 0 -25"><span class='ocrx_word' id='word_1_258' title='bbox 386 3213 607 3286; x_wconf 85' lang='lat' dir='ltr'>electus</span> <span class='ocrx_word' id='word_1_259' title='bbox 635 3221 673 3285; x_wconf 72' lang='grc' dir='ltr'>ὲ</span> <span class='ocrx_word' id='word_1_260' title='bbox 699 3221 1088 3301; x_wconf 82' lang='lat' dir='ltr'>senatoribus„</span> <span class='ocrx_word' id='word_1_261' title='bbox 1119 3229 1180 3287; x_wconf 92' lang='lat' dir='ltr'>et</span> <span class='ocrx_word' id='word_1_262' title='bbox 1198 3221 1679 3308; x_wconf 76' lang='lat' dir='ltr'>parlamentariiS,</span> <span class='ocrx_word' id='word_1_263' title='bbox 1702 3241 1827 3285; x_wconf 92' lang='lat' dir='ltr'>non</span> <span class='ocrx_word' id='word_1_264' title='bbox 1857 3217 1930 3284; x_wconf 85' lang='lat' dir='ltr'>ab</span> <span class='ocrx_word' id='word_1_265' title='bbox 1960 3219 2108 3284; x_wconf 88' lang='lat' dir='ltr'>aliis.</span> <span class='ocrx_word' id='word_1_266' title='bbox 2195 3217 2490 3284; x_wconf 72' lang='lat' dir='ltr'>Caeterum</span> <span class='ocrx_word' id='word_1_267' title='bbox 2517 3217 2615 3283; x_wconf 88' lang='lat' dir='ltr'>hic</span> <span class='ocrx_word' id='word_1_268' title='bbox 2642 3241 2767 3284; x_wconf 91' lang='lat' dir='ltr'>non</span> 
     </span>
     <span class='ocr_line' id='line_1_29' title="bbox 386 3304 2765 3408; baseline 0 -38"><span class='ocrx_word' id='word_1_269' title='bbox 386 3314 685 3374; x_wconf 81' lang='lat' dir='ltr'>senatores</span> <span class='ocrx_word' id='word_1_270' title='bbox 714 3307 757 3372; x_wconf 86' lang='lat' dir='ltr'><strong>J</strong></span> <span class='ocrx_word' id='word_1_271' title='bbox 758 3311 937 3375; x_wconf 87' lang='lat' dir='ltr'>oanni</span> <span class='ocrx_word' id='word_1_272' title='bbox 966 3310 1397 3408; x_wconf 77' lang='lat' dir='ltr'>suffragantur:</span> <span class='ocrx_word' id='word_1_273' title='bbox 1442 3314 1675 3373; x_wconf 86' lang='lat' dir='ltr'>tantum</span> <span class='ocrx_word' id='word_1_274' title='bbox 1735 3307 1896 3372; x_wconf 87' lang='lat' dir='ltr'>enim</span> <span class='ocrx_word' id='word_1_275' title='bbox 1924 3304 2108 3384; x_wconf 86' lang='lat' dir='ltr'>abest,</span> <span class='ocrx_word' id='word_1_276' title='bbox 2139 3311 2210 3370; x_wconf 91' lang='lat' dir='ltr'>ut</span> <span class='ocrx_word' id='word_1_277' title='bbox 2238 3305 2444 3370; x_wconf 88' lang='lat' dir='ltr'>ordine</span> <span class='ocrx_word' id='word_1_278' title='bbox 2471 3307 2765 3371; x_wconf 88' lang='lat' dir='ltr'>senatorio</span> 
     </span>
     <span class='ocr_line' id='line_1_30' title="bbox 383 3389 2765 3480; baseline -0 -23"><span class='ocrx_word' id='word_1_279' title='bbox 383 3389 714 3473; x_wconf 81' lang='lat' dir='ltr'>videantur,</span> <span class='ocrx_word' id='word_1_280' title='bbox 746 3402 815 3460; x_wconf 87' lang='lat' dir='ltr'>ut</span> <span class='ocrx_word' id='word_1_281' title='bbox 843 3395 1087 3461; x_wconf 76' lang='lat' dir='ltr'>omninb</span> <span class='ocrx_word' id='word_1_282' title='bbox 1132 3401 1251 3460; x_wconf 81' lang='lat' dir='ltr'>sint</span> <span class='ocrx_word' id='word_1_283' title='bbox 1300 3396 1546 3475; x_wconf 87' lang='lat' dir='ltr'>externi,</span> <span class='ocrx_word' id='word_1_284' title='bbox 1575 3394 1860 3480; x_wconf 89' lang='lat' dir='ltr'>nulloque</span> <span class='ocrx_word' id='word_1_285' title='bbox 1901 3393 2080 3459; x_wconf 89' lang='lat' dir='ltr'>modo</span> <span class='ocrx_word' id='word_1_286' title='bbox 2108 3393 2172 3458; x_wconf 90' lang='lat' dir='ltr'>in</span> <span class='ocrx_word' id='word_1_287' title='bbox 2201 3392 2444 3457; x_wconf 74' lang='lat' dir='ltr'>Ibernia</span> <span class='ocrx_word' id='word_1_288' title='bbox 2468 3393 2534 3456; x_wconf 91' lang='lat' dir='ltr'>in</span> <span class='ocrx_word' id='word_1_289' title='bbox 2562 3393 2765 3457; x_wconf 83' lang='lat' dir='ltr'>civita-</span> 
     </span>
     <span class='ocr_line' id='line_1_31' title="bbox 384 3478 2766 3568; baseline -0.001 -23"><span class='ocrx_word' id='word_1_290' title='bbox 384 3485 509 3545; x_wconf 84' lang='lat' dir='ltr'>tem</span> <span class='ocrx_word' id='word_1_291' title='bbox 540 3481 808 3568; x_wconf 87' lang='lat' dir='ltr'>adcripti.</span> <span class='ocrx_word' id='word_1_292' title='bbox 899 3481 1115 3553; x_wconf 79' lang='lat' dir='ltr'>Quid?</span> <span class='ocrx_word' id='word_1_293' title='bbox 1201 3482 1279 3545; x_wconf 90' lang='lat' dir='ltr'>In</span> <span class='ocrx_word' id='word_1_294' title='bbox 1306 3481 1550 3547; x_wconf 67' lang='lat' dir='ltr'>Ibernia</span> <span class='ocrx_word' id='word_1_295' title='bbox 1594 3481 1699 3565; x_wconf 88' lang='lat' dir='ltr'>qui</span> <span class='ocrx_word' id='word_1_296' title='bbox 1746 3479 1874 3546; x_wconf 89' lang='lat' dir='ltr'>nati</span> <span class='ocrx_word' id='word_1_297' title='bbox 1924 3501 2048 3546; x_wconf 91' lang='lat' dir='ltr'>non</span> <span class='ocrx_word' id='word_1_298' title='bbox 2076 3485 2236 3557; x_wconf 89' lang='lat' dir='ltr'>sunt,</span> <span class='ocrx_word' id='word_1_299' title='bbox 2268 3479 2372 3564; x_wconf 84' lang='lat' dir='ltr'>qui</span> <span class='ocrx_word' id='word_1_300' title='bbox 2401 3478 2766 3543; x_wconf 86' lang='lat' dir='ltr'>domicilium</span> 
     </span>
     <span class='ocr_line' id='line_1_32' title="bbox 384 3566 2767 3655; baseline -0.001 -23"><span class='ocrx_word' id='word_1_301' title='bbox 384 3582 509 3633; x_wconf 88' lang='lat' dir='ltr'>non</span> <span class='ocrx_word' id='word_1_302' title='bbox 537 3567 777 3649; x_wconf 90' lang='lat' dir='ltr'>habent,</span> <span class='ocrx_word' id='word_1_303' title='bbox 807 3592 915 3655; x_wconf 90' lang='lat' dir='ltr'>pro</span> <span class='ocrx_word' id='word_1_304' title='bbox 946 3567 1179 3634; x_wconf 87' lang='lat' dir='ltr'>Ibernis</span> <span class='ocrx_word' id='word_1_305' title='bbox 1222 3567 1467 3647; x_wconf 83' lang='lat' dir='ltr'>civibus,</span> <span class='ocrx_word' id='word_1_306' title='bbox 1500 3576 1679 3654; x_wconf 87' lang='lat' dir='ltr'>atque</span> <span class='ocrx_word' id='word_1_307' title='bbox 1708 3566 2042 3632; x_wconf 86' lang='lat' dir='ltr'>sentoribns</span> <span class='ocrx_word' id='word_1_308' title='bbox 2071 3587 2134 3629; x_wconf 89' lang='lat' dir='ltr'>se</span> <span class='ocrx_word' id='word_1_309' title='bbox 2163 3569 2398 3650; x_wconf 87' lang='lat' dir='ltr'>gerunt,</span> <span class='ocrx_word' id='word_1_310' title='bbox 2430 3585 2568 3629; x_wconf 88' lang='lat' dir='ltr'>cum</span> <span class='ocrx_word' id='word_1_311' title='bbox 2609 3587 2688 3629; x_wconf 91' lang='lat' dir='ltr'>ne</span> <span class='ocrx_word' id='word_1_312' title='bbox 2730 3589 2767 3630; x_wconf 87' lang='lat' dir='ltr'>a</span> 
     </span>
     <span class='ocr_line' id='line_1_33' title="bbox 381 3652 2761 3741; baseline -0.001 -23"><span class='ocrx_word' id='word_1_313' title='bbox 381 3653 719 3720; x_wconf 80' lang='lat' dir='ltr'>civitatibus</span> <span class='ocrx_word' id='word_1_314' title='bbox 749 3655 1009 3741; x_wconf 84' lang='lat' dir='ltr'>quidem,</span> <span class='ocrx_word' id='word_1_315' title='bbox 1040 3655 1135 3720; x_wconf 88' lang='lat' dir='ltr'>vel</span> <span class='ocrx_word' id='word_1_316' title='bbox 1182 3653 1459 3720; x_wconf 88' lang='lat' dir='ltr'>tribubus</span> <span class='ocrx_word' id='word_1_317' title='bbox 1508 3653 1854 3718; x_wconf 88' lang='lat' dir='ltr'>mandatum</span> <span class='ocrx_word' id='word_1_318' title='bbox 1882 3652 2350 3738; x_wconf 87' lang='lat' dir='ltr'>procuratorium</span> <span class='ocrx_word' id='word_1_319' title='bbox 2379 3652 2761 3736; x_wconf 77' lang='lat' dir='ltr'>acceperint?</span> 
     </span>
     <span class='ocr_line' id='line_1_34' title="bbox 384 3736 2761 3825; baseline -0.004 -14"><span class='ocrx_word' id='word_1_320' title='bbox 384 3740 538 3811; x_wconf 76' lang='lat' dir='ltr'>Quoe</span> <span class='ocrx_word' id='word_1_321' title='bbox 564 3741 693 3808; x_wconf 83' lang='lat' dir='ltr'>haec</span> <span class='ocrx_word' id='word_1_322' title='bbox 743 3749 833 3806; x_wconf 88' lang='lat' dir='ltr'>est</span> <span class='ocrx_word' id='word_1_323' title='bbox 880 3741 1157 3808; x_wconf 82' lang='lat' dir='ltr'>insania?</span> <span class='ocrx_word' id='word_1_324' title='bbox 1244 3741 1386 3805; x_wconf 92' lang='lat' dir='ltr'>Duo</span> <span class='ocrx_word' id='word_1_325' title='bbox 1428 3741 1671 3825; x_wconf 86' lang='lat' dir='ltr'>tuguria</span> <span class='ocrx_word' id='word_1_326' title='bbox 1715 3739 1969 3805; x_wconf 87' lang='lat' dir='ltr'>civitatis</span> <span class='ocrx_word' id='word_1_327' title='bbox 2013 3736 2491 3803; x_wconf 88' lang='lat' dir='ltr'>immunitatibus</span> <span class='ocrx_word' id='word_1_328' title='bbox 2543 3738 2761 3824; x_wconf 87' lang='lat' dir='ltr'>gaude-</span> 
     </span>
     <span class='ocr_line' id='line_1_35' title="bbox 382 3824 2763 3914; baseline -0 -23"><span class='ocrx_word' id='word_1_329' title='bbox 382 3825 529 3891; x_wconf 86' lang='lat' dir='ltr'>bant</span> <span class='ocrx_word' id='word_1_330' title='bbox 544 3827 618 3900; x_wconf 80' lang='lat'>1&gt;†</span> <span class='ocrx_word' id='word_1_331' title='bbox 703 3828 939 3894; x_wconf 82' lang='lat' dir='ltr'>Deserti</span> <span class='ocrx_word' id='word_1_332' title='bbox 968 3830 1114 3912; x_wconf 86' lang='lat' dir='ltr'>agri,</span> <span class='ocrx_word' id='word_1_333' title='bbox 1144 3828 1453 3914; x_wconf 90' lang='lat' dir='ltr'>campique</span> <span class='ocrx_word' id='word_1_334' title='bbox 1479 3826 1796 3891; x_wconf 85' lang='lat' dir='ltr'>vastissimi</span> <span class='ocrx_word' id='word_1_335' title='bbox 1845 3831 1989 3890; x_wconf 85' lang='lat' dir='ltr'>sunt</span> <span class='ocrx_word' id='word_1_336' title='bbox 2032 3826 2486 3910; x_wconf 88' lang='lat' dir='ltr'>magistratuum</span> <span class='ocrx_word' id='word_1_337' title='bbox 2529 3824 2763 3911; x_wconf 89' lang='lat' dir='ltr'>legibus</span> 
     </span>
     <span class='ocr_line' id='line_1_36' title="bbox 381 3910 2763 3997; baseline 0 -21"><span class='ocrx_word' id='word_1_338' title='bbox 381 3912 691 3978; x_wconf 80' lang='lat' dir='ltr'>donandi?</span> <span class='ocrx_word' id='word_1_339' title='bbox 778 3913 1040 3979; x_wconf 85' lang='lat' dir='ltr'>Ubinam</span> <span class='ocrx_word' id='word_1_340' title='bbox 1068 3917 1133 3980; x_wconf 90' lang='lat' dir='ltr'>in</span> <span class='ocrx_word' id='word_1_341' title='bbox 1160 3913 1406 3979; x_wconf 65' lang='lat' dir='ltr'>Ibernia</span> <span class='ocrx_word' id='word_1_342' title='bbox 1432 3919 1579 3977; x_wconf 89' lang='lat' dir='ltr'>sunt</span> <span class='ocrx_word' id='word_1_343' title='bbox 1604 3913 1733 3977; x_wconf 84' lang='lat' dir='ltr'>istoe</span> <span class='ocrx_word' id='word_1_344' title='bbox 1761 3911 1958 3991; x_wconf 88' lang='lat' dir='ltr'>urbes,</span> <span class='ocrx_word' id='word_1_345' title='bbox 1989 3934 2060 3976; x_wconf 84' lang='lat' dir='ltr'>ex</span> <span class='ocrx_word' id='word_1_346' title='bbox 2091 3910 2308 3997; x_wconf 84' lang='lat' dir='ltr'>quibus</span> <span class='ocrx_word' id='word_1_347' title='bbox 2337 3918 2430 3975; x_wconf 88' lang='lat' dir='ltr'>tot</span> <span class='ocrx_word' id='word_1_348' title='bbox 2469 3912 2763 3997; x_wconf 83' lang='lat' dir='ltr'>incogniti</span> 
     </span>
     <span class='ocr_line' id='line_1_37' title="bbox 380 3997 2762 4086; baseline -0.001 -22"><span class='ocrx_word' id='word_1_349' title='bbox 380 4007 809 4086; x_wconf 86' lang='lat' dir='ltr'>procuratores,</span> <span class='ocrx_word' id='word_1_350' title='bbox 854 4006 1066 4086; x_wconf 91' lang='lat' dir='ltr'>totque</span> <span class='ocrx_word' id='word_1_351' title='bbox 1112 4002 1269 4066; x_wconf 89' lang='lat' dir='ltr'>cives</span> <span class='ocrx_word' id='word_1_352' title='bbox 1314 4001 1579 4086; x_wconf 82' lang='lat' dir='ltr'>hospites</span> <span class='ocrx_word' id='word_1_353' title='bbox 1629 3997 2088 4064; x_wconf 82' lang='lat' dir='ltr'>confluxerunt?</span> <span class='ocrx_word' id='word_1_354' title='bbox 2175 3997 2463 4083; x_wconf 87' lang='lat' dir='ltr'>Hospites</span> <span class='ocrx_word' id='word_1_355' title='bbox 2519 3999 2640 4077; x_wconf 85' lang='lat' dir='ltr'>isti,</span> <span class='ocrx_word' id='word_1_356' title='bbox 2701 4005 2762 4064; x_wconf 92' lang='lat' dir='ltr'>et</span> 
     </span>
     <span class='ocr_line' id='line_1_38' title="bbox 378 4083 2762 4172; baseline -0.001 -20"><span class='ocrx_word' id='word_1_357' title='bbox 378 4083 725 4172; x_wconf 70' lang='lat' dir='ltr'>alienigenae</span> <span class='ocrx_word' id='word_1_358' title='bbox 770 4109 846 4152; x_wconf 87' lang='lat' dir='ltr'>ex</span> <span class='ocrx_word' id='word_1_359' title='bbox 886 4089 1093 4152; x_wconf 72' lang='lat' dir='ltr'>nostra</span> <span class='ocrx_word' id='word_1_360' title='bbox 1136 4088 1301 4152; x_wconf 67' lang='lat' dir='ltr'>curia</span> <span class='ocrx_word' id='word_1_361' title='bbox 1350 4085 1733 4152; x_wconf 87' lang='lat' dir='ltr'>discedunto:</span> <span class='ocrx_word' id='word_1_362' title='bbox 1780 4085 1898 4150; x_wconf 71' lang='lat' dir='ltr'>alio</span> <span class='ocrx_word' id='word_1_363' title='bbox 1943 4085 2235 4151; x_wconf 89' lang='lat' dir='ltr'>abeunto:</span> <span class='ocrx_word' id='word_1_364' title='bbox 2280 4085 2346 4150; x_wconf 91' lang='lat' dir='ltr'>in</span> <span class='ocrx_word' id='word_1_365' title='bbox 2387 4087 2511 4149; x_wconf 84' lang='lat' dir='ltr'>suis</span> <span class='ocrx_word' id='word_1_366' title='bbox 2541 4085 2762 4170; x_wconf 90' lang='lat' dir='ltr'>quique</span> 
     </span>
     <span class='ocr_line' id='line_1_39' title="bbox 373 4170 2760 4274; baseline -0.002 -34"><span class='ocrx_word' id='word_1_367' title='bbox 373 4173 592 4240; x_wconf 85' lang='lat' dir='ltr'>finibus</span> <span class='ocrx_word' id='word_1_368' title='bbox 620 4173 984 4274; x_wconf 84' lang='lat' dir='ltr'>parlamenta</span> <span class='ocrx_word' id='word_1_369' title='bbox 1011 4173 1363 4239; x_wconf 83' lang='lat' dir='ltr'>celebrant0.</span> <span class='ocrx_word' id='word_1_370' title='bbox 1452 4173 1846 4260; x_wconf 79' lang='lat' dir='ltr'>Magistratus</span> <span class='ocrx_word' id='word_1_371' title='bbox 1873 4171 2012 4238; x_wconf 89' lang='lat' dir='ltr'>huic</span> <span class='ocrx_word' id='word_1_372' title='bbox 2041 4173 2219 4238; x_wconf 77' lang='lat' dir='ltr'>curiae</span> <span class='ocrx_word' id='word_1_373' title='bbox 2262 4170 2570 4250; x_wconf 86' lang='lat' dir='ltr'>creandus,</span> <span class='ocrx_word' id='word_1_374' title='bbox 2598 4171 2760 4257; x_wconf 88' lang='lat' dir='ltr'>leges</span> 
     </span>
     <span class='ocr_line' id='line_1_40' title="bbox 376 4258 2760 4347; baseline -0.002 -19"><span class='ocrx_word' id='word_1_375' title='bbox 376 4259 831 4328; x_wconf 55' lang='lat' dir='ltr'>consultissimae</span> <span class='ocrx_word' id='word_1_376' title='bbox 881 4261 1159 4347; x_wconf 81' lang='lat' dir='ltr'>rogandae</span> <span class='ocrx_word' id='word_1_377' title='bbox 1204 4259 1440 4326; x_wconf 88' lang='lat' dir='ltr'>Ibernis</span> <span class='ocrx_word' id='word_1_378' title='bbox 1492 4259 1862 4326; x_wconf 87' lang='lat' dir='ltr'>senatoribus</span> <span class='ocrx_word' id='word_1_379' title='bbox 1935 4258 2364 4344; x_wconf 88' lang='lat' dir='ltr'>relinquuntor.</span> <span class='ocrx_word' id='word_1_380' title='bbox 2474 4258 2760 4343; x_wconf 83' lang='lat' dir='ltr'>Alioquin</span> 
     </span>
    </p>
   </div>
   <div class='ocr_carea' id='block_1_3' title="bbox 444 4446 2758 4594">
    <p class='ocr_par' dir='ltr' id='par_1_3' title="bbox 444 4446 2758 4594">
     <span class='ocr_line' id='line_1_41' title="bbox 446 4446 1451 4512; baseline -0.007 -4"><span class='ocrx_word' id='word_1_381' title='bbox 446 4456 473 4482; x_wconf 76' lang='lat'>‘</span> <span class='ocrx_word' id='word_1_382' title='bbox 512 4446 710 4508; x_wconf 84' lang='lat' dir='ltr'>O&#39;Neil</span> <span class='ocrx_word' id='word_1_383' title='bbox 734 4452 843 4505; x_wconf 83' lang='lat' dir='ltr'>and</span> <span class='ocrx_word' id='word_1_384' title='bbox 871 4447 1197 4512; x_wconf 86' lang='lat' dir='ltr'>O&#39;Donnell,</span> <span class='ocrx_word' id='word_1_385' title='bbox 1223 4449 1320 4502; x_wconf 82' lang='lat' dir='ltr'>&amp;c.</span> <span class='ocrx_word' id='word_1_386' title='bbox 1350 4449 1451 4502; x_wconf 74' lang='grc' dir='ltr'>διο.</span> 
     </span>
     <span class='ocr_line' id='line_1_42' title="bbox 444 4515 2758 4594; baseline -0.003 -15"><span class='ocrx_word' id='word_1_387' title='bbox 444 4527 474 4594; x_wconf 80' lang='lat'>†</span> <span class='ocrx_word' id='word_1_388' title='bbox 503 4524 588 4579; x_wconf 79' lang='lat' dir='ltr'>Of</span> <span class='ocrx_word' id='word_1_389' title='bbox 602 4524 695 4578; x_wconf 87' lang='lat' dir='ltr'>the</span> <span class='ocrx_word' id='word_1_390' title='bbox 717 4525 789 4581; x_wconf 74' lang='lat'>47</span> <span class='ocrx_word' id='word_1_391' title='bbox 812 4539 928 4576; x_wconf 79' lang='lat' dir='ltr'>new</span> <span class='ocrx_word' id='word_1_392' title='bbox 956 4519 1253 4590; x_wconf 86' lang='lat' dir='ltr'>boroughs,</span> <span class='ocrx_word' id='word_1_393' title='bbox 1278 4518 1445 4573; x_wconf 85' lang='lat' dir='ltr'>about</span> <span class='ocrx_word' id='word_1_394' title='bbox 1470 4516 1719 4572; x_wconf 79' lang='lat' dir='ltr'>one-half</span> <span class='ocrx_word' id='word_1_395' title='bbox 1734 4533 1876 4570; x_wconf 77' lang='lat' dir='ltr'>were</span> <span class='ocrx_word' id='word_1_396' title='bbox 1899 4516 1956 4569; x_wconf 90' lang='lat' dir='ltr'>in</span> <span class='ocrx_word' id='word_1_397' title='bbox 1978 4516 2074 4569; x_wconf 84' lang='lat' dir='ltr'>the</span> <span class='ocrx_word' id='word_1_398' title='bbox 2097 4515 2262 4569; x_wconf 88' lang='lat' dir='ltr'>north</span> <span class='ocrx_word' id='word_1_399' title='bbox 2284 4538 2298 4568; x_wconf 77' lang='grc' dir='ltr'><strong><em>ε</em></strong></span> <span class='ocrx_word' id='word_1_400' title='bbox 2336 4515 2462 4582; x_wconf 87' lang='lat' dir='ltr'>and,</span> <span class='ocrx_word' id='word_1_401' title='bbox 2485 4517 2758 4572; x_wconf 85' lang='lat' dir='ltr'>consider-</span> 
     </span>
    </p>
   </div>
   <div class='ocr_carea' id='block_1_4' title="bbox 372 4585 2755 4809">
    <p class='ocr_par' dir='ltr' id='par_1_4' title="bbox 372 4585 2755 4809">
     <span class='ocr_line' id='line_1_43' title="bbox 372 4585 2755 4666; baseline -0.002 -18"><span class='ocrx_word' id='word_1_402' title='bbox 372 4595 469 4666; x_wconf 79' lang='lat' dir='ltr'>ing</span> <span class='ocrx_word' id='word_1_403' title='bbox 490 4595 586 4650; x_wconf 82' lang='lat' dir='ltr'>the</span> <span class='ocrx_word' id='word_1_404' title='bbox 606 4609 834 4665; x_wconf 72' lang='lat' dir='ltr'>tanges</span> <span class='ocrx_word' id='word_1_405' title='bbox 857 4591 924 4646; x_wconf 85' lang='lat' dir='ltr'>of</span> <span class='ocrx_word' id='word_1_406' title='bbox 950 4591 1289 4645; x_wconf 68' lang='lat' dir='ltr'>Elisabeth&#39;s</span> <span class='ocrx_word' id='word_1_407' title='bbox 1312 4607 1471 4652; x_wconf 70' lang='lat' dir='ltr'>vars,</span> <span class='ocrx_word' id='word_1_408' title='bbox 1496 4588 1603 4642; x_wconf 88' lang='lat' dir='ltr'>and</span> <span class='ocrx_word' id='word_1_409' title='bbox 1628 4588 1720 4642; x_wconf 85' lang='lat' dir='ltr'>the</span> <span class='ocrx_word' id='word_1_410' title='bbox 1744 4587 2122 4642; x_wconf 77' lang='lat' dir='ltr'>confiscations</span> <span class='ocrx_word' id='word_1_411' title='bbox 2145 4587 2217 4658; x_wconf 80' lang='lat' dir='ltr'>by</span> <span class='ocrx_word' id='word_1_412' title='bbox 2247 4585 2453 4650; x_wconf 66' lang='lat' dir='ltr'>«lamas,</span> <span class='ocrx_word' id='word_1_413' title='bbox 2479 4588 2606 4661; x_wconf 78' lang='lat' dir='ltr'>they</span> <span class='ocrx_word' id='word_1_414' title='bbox 2631 4607 2755 4643; x_wconf 84' lang='lat' dir='ltr'>can-</span> 
     </span>
     <span class='ocr_line' id='line_1_44' title="bbox 372 4657 2755 4736; baseline -0.001 -19"><span class='ocrx_word' id='word_1_415' title='bbox 372 4673 473 4718; x_wconf 84' lang='lat' dir='ltr'>not</span> <span class='ocrx_word' id='word_1_416' title='bbox 495 4665 631 4721; x_wconf 82' lang='lat' dir='ltr'>have</span> <span class='ocrx_word' id='word_1_417' title='bbox 654 4665 897 4720; x_wconf 73' lang='lat' dir='ltr'>attained</span> <span class='ocrx_word' id='word_1_418' title='bbox 936 4681 1038 4736; x_wconf 77' lang='lat' dir='ltr'>any</span> <span class='ocrx_word' id='word_1_419' title='bbox 1080 4663 1436 4734; x_wconf 76' lang='lat' dir='ltr'>importance.</span> <span class='ocrx_word' id='word_1_420' title='bbox 1509 4658 1743 4721; x_wconf 79' lang='lat' dir='ltr'>Belfast,</span> <span class='ocrx_word' id='word_1_421' title='bbox 1782 4657 2094 4722; x_wconf 85' lang='lat' dir='ltr'>Belturbet,</span> <span class='ocrx_word' id='word_1_422' title='bbox 2139 4657 2446 4730; x_wconf 76' lang='lat' dir='ltr'>Limivady,</span> <span class='ocrx_word' id='word_1_423' title='bbox 2483 4659 2755 4732; x_wconf 81' lang='lat' dir='ltr'>Donegal,</span> 
     </span>
     <span class='ocr_line' id='line_1_45' title="bbox 373 4729 2754 4809; baseline -0.001 -21"><span class='ocrx_word' id='word_1_424' title='bbox 373 4735 609 4799; x_wconf 83' lang='lat' dir='ltr'>Lifford,</span> <span class='ocrx_word' id='word_1_425' title='bbox 649 4735 1074 4809; x_wconf 73' lang='lat' dir='ltr'>Ballyshannon,</span> <span class='ocrx_word' id='word_1_426' title='bbox 1118 4734 1362 4805; x_wconf 60' lang='lat' dir='ltr'>nagor,</span> <span class='ocrx_word' id='word_1_427' title='bbox 1404 4729 1760 4793; x_wconf 83' lang='lat' dir='ltr'>Enniskillen,</span> <span class='ocrx_word' id='word_1_428' title='bbox 1804 4730 2013 4802; x_wconf 82' lang='lat' dir='ltr'>Agher,</span> <span class='ocrx_word' id='word_1_429' title='bbox 2050 4729 2420 4802; x_wconf 82' lang='lat' dir='ltr'>Dungannon,</span> <span class='ocrx_word' id='word_1_430' title='bbox 2470 4732 2754 4795; x_wconf 71' lang='lat' dir='ltr'>strabam,</span> 
     </span>
    </p>
   </div>
   <div class='ocr_carea' id='block_1_5' title="bbox 376 4807 595 4864">
    <p class='ocr_par' dir='ltr' id='par_1_5' title="bbox 376 4807 595 4864">
     <span class='ocr_line' id='line_1_46' title="bbox 376 4807 595 4864; baseline -0.009 -2"><span class='ocrx_word' id='word_1_431' title='bbox 376 4807 471 4864; x_wconf 68' lang='grc' dir='ltr'>διο.</span> <span class='ocrx_word' id='word_1_432' title='bbox 498 4807 595 4862; x_wconf 72' lang='lat' dir='ltr'>ao.</span> 
     </span>
    </p>
   </div>
  </div>
 </body>
</html>
